2686 4830
219 389 291 435 xxx
628 362 885 433 PRAEFATIO

217 520 357 573 cornua,
367 497 471 576 jactus
482 494 625 584 ignium,
637 493 707 583 jugi
719 506 945 581 contemptus,
958 490 1148 558 humilitatis
1160 489 1288 575 horror,

217 602 429 690 pertinaxque
447 596 570 687 pedum
592 596 820 679 immobilitas,
840 595 932 676 cujus
955 594 1164 661 acrimoniam
1192 595 1289 661 etiam

214 731 278 798 pro
293 705 379 772 virili
394 704 529 769 velitans
547 719 687 790 nequeat
701 701 855 787 sufferre,
874 702 966 781 cujus
985 698 1131 781 flamma,
1148 723 1289 765 cornua·

216 835 282 901 que
298 811 355 899 qui
369 809 522 891 senserit,
534 808 638 872 victus
652 808 756 887 jaceat
774 829 944 871 necessum
964 822 1020 871 est.
1034 808 1079 870 At
1091 828 1168 870 vero
1184 829 1290 894 quum

214 918 302 981 illius
319 915 464 980 succedit
478 915 635 1002 potentia,
650 936 748 1001 quam
760 914 843 977 Solis
855 911 972 993 filiam,
984 913 1085 975 immo
1095 928 1128 976 et
1138 928 1290 996 matrem,

161 1029 164 1035 ’
215 1022 370 1103 dicimus,
396 1019 594 1108 subjugum
614 1019 689 1082 licet
711 1018 863 1082 obnitens
884 1017 1036 1082 mittitur.
1061 1018 1132 1083 Nec
1154 1019 1201 1082 sic
1226 1040 1291 1107 ope

216 1127 325 1192 divina
340 1125 542 1216 perdomitus
559 1125 713 1213 quiescit3
739 1123 797 1189 sed
811 1124 853 1189 ad
870 1125 978 1188 solitas
994 1139 1077 1187 artes
1095 1145 1290 1206 conversus,

216 1255 319 1321 quum
337 1248 487 1314 tumore,
504 1246 537 1294 et
553 1252 716 1294 cornuum
731 1229 870 1293 elatione
884 1228 998 1294 obesse
1013 1229 1214 1317 nequiverit,
1226 1229 1290 1294 hu·

127 1372 131 1381 ·
216 1338 360 1405 militatis
384 1351 542 1425 praetextu
560 1334 689 1398 admitti
710 1334 872 1421 quaeritat,
887 1334 944 1421 qui
960 1333 1095 1422 perinde
1106 1357 1144 1398 ac
1166 1333 1208 1398 de
1227 1357 1290 1400 no·

215 1466 258 1508 vo
275 1458 367 1506 terrae
381 1443 472 1505 sulco
489 1441 646 1528 paulatim
663 1438 818 1521 eductus,
832 1440 976 1527 primum
993 1439 1182 1528 negligitur3
1197 1439 1290 1521 cujus

216 1548 361 1631 technae,
372 1547 436 1610 nisi
446 1546 481 1609 in
495 1562 643 1633 tempore
656 1560 855 1626 occurratur,
863 1545 928 1624 jam
940 1544 1054 1609 fratres
1064 1546 1291 1610 Acheronteos
1323 1552 1329 1583 ³

216 1677 235 1718 e
251 1670 355 1718 terrea
371 1652 481 1743 gleba,
498 1668 555 1716 aut
574 1651 698 1715 intimis
720 1667 812 1715 terrae
828 1651 1006 1715 visceribus
1029 1651 1148 1716 auxilio
1170 1651 1290 1716 senties

215 1759 411 1825 advocatos:
429 1773 501 1821 tum
518 1757 594 1822 totis
612 1756 754 1846 insurgit
769 1758 906 1844 campis,
922 1757 1013 1845 signa
1028 1757 1196 1820 horrentia
1213 1779 1294 1821 con·

214 1866 309 1947 citat,
327 1864 445 1946 insilit,
463 1864 616 1944 minatur,
632 1886 751 1952 pugnae
766 1863 982 1950 imparitatem
993 1843 1167 1952 proponit,
1185 1862 1293 1926 vibrat

216 1969 406 2049 commissa,
428 1991 513 2032 nova
533 1968 669 2030 molitur
685 1967 821 2047 scelera,
838 1966 1056 2031 minutissima
1073 1967 1230 2056 adauget,
1254 1990 1292 2030 ac

216 2074 403 2163 gravissima
421 2072 549 2135 fortiter
564 2071 736 2153 eballistat,
756 2088 788 2136 et
806 2074 929 2138 vortice
948 2075 1108 2137 malorum
1125 2072 1291 2160 frequenti

214 2179 402 2243 involutum
425 2176 540 2264 saepius
565 2177 599 2239 in
620 2174 853 2263 desperationis
871 2178 1031 2266 gurgitem
1049 2177 1230 2266 protrahit,
1260 2194 1294 2242 et

216 2307 299 2350 saeve
314 2285 528 2372 harpagatum
543 2305 610 2345 non
633 2281 710 2345 sinit
726 2281 884 2345 extricari.
907 2284 947 2345 In
968 2283 1033 2345 hoc
1055 2305 1159 2371 agone
1181 2282 1293 2347 novis·

216 2390 300 2454 simo
314 2387 423 2451 videas
440 2410 538 2474 quam
556 2386 715 2474 plurimos
732 2402 847 2451 nautas
865 2387 915 2450 sui
932 2386 1095 2468 oblivisci,
1111 2387 1230 2475 quibus
1246 2387 1295 2476 (si

215 2479 587 2578 tandemsuccumhunt)
595 2492 926 2584 nihilantiquavirtus
934 2494 1083 2559 athletice
1093 2508 1293 2576 conservata,

216 2601 299 2663 nihil
312 2601 414 2678 multa
430 2599 478 2662 rei
495 2599 641 2681 nauticae,
660 2622 725 2686 qua
739 2600 877 2693 longum
894 2600 1044 2671 occalluit
1060 2622 1188 2682 manus,
1201 2621 1295 2692 expe·

214 2707 331 2774 rientia
357 2704 510 2798 prodest,
537 2721 569 2768 et
592 2705 774 2773 dexteritas.
802 2707 926 2770 Multus
948 2706 994 2769 ibi
1018 2722 1150 2806 tremor,
1176 2722 1295 2795 stupor

214 2814 415 2893 immensus,
432 2811 602 2898 pharetras
622 2823 776 2898 respectat
800 2814 908 2874 inanes
933 2827 966 2875 et
994 2812 1143 2878 inutilem
1169 2813 1294 2877 clavam

215 2919 383 2996 Hercules.
409 2917 543 2980 Frustra
561 2917 687 3005 generis
710 2933 743 2980 et
767 2916 895 2981 familiae
911 2918 1042 3006 Ulysses
1061 2918 1293 2985 reminiscitur.

213 3025 420 3092 Beatissimos
436 3023 673 3111 putatAEneas,
682 3023 802 3110 quihus
814 3036 890 3088 ante
901 3047 959 3086 ora
966 3038 1098 3112 patrum
1109 3023 1171 3087 sub
1184 3024 1294 3111 primo

214 3132 287 3206 ritae
307 3130 469 3194 curriculo
494 3129 606 3195 datum
625 3145 675 3194 est
690 3144 840 3220 oppetere.
868 3131 977 3213 Quam
1002 3131 1098 3194 vellet
1119 3145 1236 3212 nauta,
1265 3131 1296 3194 si

216 3234 359 3315 daretur,
374 3256 507 3297 cursum
530 3251 693 3316 retexere,
714 3258 813 3323 quem
828 3235 1022 3324 prudentius
1039 3233 1226 3322 perliceret!
1247 3237 1295 3299 Ut

213 3341 283 3407 voti
298 3356 407 3402 tamen
431 3355 597 3428 compotes
615 3355 749 3427 portum
764 3341 901 3428 ingressi
925 3363 1001 3402 cum
1021 3341 1138 3403 lasone
1157 3340 1294 3428 praemio

216 3447 389 3526 donemur,
409 3443 569 3520 utendum
588 3461 638 3511 est
656 3445 738 3508 Solis
756 3444 828 3508 filiae
845 3446 992 3524 consilio.
1011 3447 1183 3509 Cristatam
1202 3448 1295 3512 enim

216 3554 340 3642 galeam
354 3550 383 3614 si
399 3550 433 3612 in
451 3549 597 3616 hostium
618 3549 808 3630 conjicimus
826 3552 990 3634 medium,
1008 3552 1119 3616 salutis
1137 3553 1225 3640 galea
1250 3552 1296 3618 ad

216 3653 466 3746 expugnandam
484 3654 671 3718 daemonum
694 3671 885 3743 potestatem
899 3656 1027 3738 induti,
1047 3656 1133 3721 cedit
1152 3675 1295 3723 conatus

111 3798 114 3805 v
215 3761 340 3844 omnis,
365 3776 560 3849 reteguntur
577 3761 720 3844 insidiae,
740 3778 773 3826 et
797 3763 886 3828 unde
911 3762 1033 3852 prodiit
1054 3763 1162 3840 'infera
1186 3765 1294 3855 legio,

216 3869 377 3939 exinanita
402 3867 557 3932 defertur.
581 3869 651 3933 Nec
668 3869 718 3932 his
735 3892 866 3957 pessum
887 3870 1005 3932 missus
1025 3869 1108 3934 vires
1132 3870 1295 3956 remittit3

214 3975 273 4041 sed
290 3990 457 4062 resumpta
478 3972 603 4037 dolose'
615 3975 741 4062 antiqui
759 3975 916 4063 serpentis
933 3975 1073 4039 cuticula
1092 3976 1196 4066 surgit
1206 3976 1294 4067 vigi·

213 4081 344 4162 lantior,
360 4080 516 4179 Assdsslffl'c}
527 4077 678 4166 fundens
699 4079 808 4163 sibila,
826 4081 961 4147 Martios
984 4080 1097 4146 dentes
1124 4081 1292 4159 cribrans,
