<?xml version="1.0" encoding="UTF-8"?>
<!DOCTYPE html PUBLIC "-//W3C//DTD XHTML 1.0 Transitional//EN"
    "http://www.w3.org/TR/xhtml1/DTD/xhtml1-transitional.dtd">
<html xmlns="http://www.w3.org/1999/xhtml" xml:lang="en" lang="en">
 <head>
  <title>
</title>
<meta http-equiv="Content-Type" content="text/html;charset=utf-8" />
  <meta name='ocr-system' content='tesseract 3.04.00' />
  <meta name='ocr-capabilities' content='ocr_page ocr_carea ocr_par ocr_line ocrx_word'/>
</head>
<body>
  <div class='ocr_page' id='page_1' title='image "bibliothecaclas23lemagoog_0049.png"; bbox 0 0 2686 4830; ppageno 0'>
   <div class='ocr_carea' id='block_1_1' title="bbox 129 360 970 433">
    <p class='ocr_par' dir='ltr' id='par_1_1' title="bbox 129 360 970 433">
     <span class='ocr_line' id='line_1_1' title="bbox 129 360 970 433; baseline 0.011 -9"><span class='ocrx_word' id='word_1_1' title='bbox 129 379 238 425; x_wconf 76' lang='lat' dir='ltr'>xxxvi</span> <span class='ocrx_word' id='word_1_2' title='bbox 355 360 611 429; x_wconf 85' lang='lat' dir='ltr'><strong>PRAEFATIO</strong></span> <span class='ocrx_word' id='word_1_3' title='bbox 641 363 709 430; x_wconf 88' lang='lat' dir='ltr'>JO.</span> <span class='ocrx_word' id='word_1_4' title='bbox 735 364 872 432; x_wconf 84' lang='lat' dir='ltr'><strong>BAPT.</strong></span> <span class='ocrx_word' id='word_1_5' title='bbox 900 366 970 433; x_wconf 92' lang='lat' dir='ltr'>PII</span> 
     </span>
    </p>
   </div>
   <div class='ocr_carea' id='block_1_2' title="bbox 97 488 1208 4181">
    <p class='ocr_par' dir='ltr' id='par_1_2' title="bbox 97 488 1208 4181">
     <span class='ocr_line' id='line_1_2' title="bbox 129 488 1198 583; baseline 0.006 -33"><span class='ocrx_word' id='word_1_6' title='bbox 129 488 386 571; x_wconf 87' lang='lat' dir='ltr'>nominavimus,</span> <span class='ocrx_word' id='word_1_7' title='bbox 401 490 525 578; x_wconf 92' lang='lat' dir='ltr'>primus</span> <span class='ocrx_word' id='word_1_8' title='bbox 537 492 640 556; x_wconf 85' lang='lat' dir='ltr'>Musis</span> <span class='ocrx_word' id='word_1_9' title='bbox 652 493 742 557; x_wconf 90' lang='lat' dir='ltr'>sinus</span> <span class='ocrx_word' id='word_1_10' title='bbox 759 493 919 583; x_wconf 84' lang='lat' dir='ltr'>benignos</span> <span class='ocrx_word' id='word_1_11' title='bbox 936 493 1079 581; x_wconf 91' lang='lat' dir='ltr'>aperuit,</span> <span class='ocrx_word' id='word_1_12' title='bbox 1094 493 1198 557; x_wconf 91' lang='lat' dir='ltr'>nemi·</span> 
     </span>
     <span class='ocr_line' id='line_1_3' title="bbox 130 596 1197 687; baseline 0.006 -31"><span class='ocrx_word' id='word_1_13' title='bbox 130 616 273 682; x_wconf 87' lang='lat' dir='ltr'>nemque</span> <span class='ocrx_word' id='word_1_14' title='bbox 289 596 323 659; x_wconf 91' lang='lat' dir='ltr'>in</span> <span class='ocrx_word' id='word_1_15' title='bbox 346 618 554 684; x_wconf 90' lang='lat' dir='ltr'>quacumque</span> <span class='ocrx_word' id='word_1_16' title='bbox 570 596 738 687; x_wconf 84' lang='lat' dir='ltr'>disciplina</span> <span class='ocrx_word' id='word_1_17' title='bbox 757 598 934 675; x_wconf 84' lang='lat' dir='ltr'><strong>celebrem,</strong></span> <span class='ocrx_word' id='word_1_18' title='bbox 947 599 1197 679; x_wconf 91' lang='lat' dir='ltr'>inhonoratum,</span> 
     </span>
     <span class='ocr_line' id='line_1_4' title="bbox 129 697 1200 790; baseline 0.006 -29"><span class='ocrx_word' id='word_1_19' title='bbox 129 697 345 782; x_wconf 91' lang='lat' dir='ltr'>indonatum,</span> <span class='ocrx_word' id='word_1_20' title='bbox 358 701 600 790; x_wconf 85' lang='lat' dir='ltr'>ingloriumque</span> <span class='ocrx_word' id='word_1_21' title='bbox 614 702 748 767; x_wconf 87' lang='lat' dir='ltr'>dimisit.</span> <span class='ocrx_word' id='word_1_22' title='bbox 760 704 831 768; x_wconf 87' lang='lat' dir='ltr'>Nec</span> <span class='ocrx_word' id='word_1_23' title='bbox 843 704 975 767; x_wconf 90' lang='lat' dir='ltr'>erubuit</span> <span class='ocrx_word' id='word_1_24' title='bbox 989 704 1120 768; x_wconf 87' lang='lat' dir='ltr'>caelestis</span> <span class='ocrx_word' id='word_1_25' title='bbox 1132 704 1200 767; x_wconf 90' lang='lat' dir='ltr'>ani·</span> 
     </span>
     <span class='ocr_line' id='line_1_5' title="bbox 129 809 1200 897; baseline 0.007 -30"><span class='ocrx_word' id='word_1_26' title='bbox 129 826 203 868; x_wconf 91' lang='lat' dir='ltr'>mus</span> <span class='ocrx_word' id='word_1_27' title='bbox 229 829 321 889; x_wconf 89' lang='lat' dir='ltr'>eum,</span> <span class='ocrx_word' id='word_1_28' title='bbox 342 829 361 870; x_wconf 92' lang='lat' dir='ltr'>a</span> <span class='ocrx_word' id='word_1_29' title='bbox 384 830 451 895; x_wconf 90' lang='lat' dir='ltr'>quo</span> <span class='ocrx_word' id='word_1_30' title='bbox 472 830 556 897; x_wconf 91' lang='lat' dir='ltr'>saepe</span> <span class='ocrx_word' id='word_1_31' title='bbox 577 810 744 874; x_wconf 90' lang='lat' dir='ltr'>lacessitus</span> <span class='ocrx_word' id='word_1_32' title='bbox 768 810 890 892; x_wconf 90' lang='lat' dir='ltr'>fuerat,</span> <span class='ocrx_word' id='word_1_33' title='bbox 919 826 951 874; x_wconf 92' lang='lat' dir='ltr'>et</span> <span class='ocrx_word' id='word_1_34' title='bbox 971 832 1028 872; x_wconf 94' lang='lat' dir='ltr'>ore</span> <span class='ocrx_word' id='word_1_35' title='bbox 1045 809 1200 897; x_wconf 90' lang='lat' dir='ltr'>improbo</span> 
     </span>
     <span class='ocr_line' id='line_1_6' title="bbox 128 911 1201 1009; baseline 0.007 -38"><span class='ocrx_word' id='word_1_36' title='bbox 128 911 343 995; x_wconf 76' lang='lat' dir='ltr'>praestrictus,</span> <span class='ocrx_word' id='word_1_37' title='bbox 360 928 524 978; x_wconf 86' lang='lat' dir='ltr'>oratorem</span> <span class='ocrx_word' id='word_1_38' title='bbox 550 937 619 978; x_wconf 93' lang='lat' dir='ltr'>non</span> <span class='ocrx_word' id='word_1_39' title='bbox 640 915 778 979; x_wconf 91' lang='lat' dir='ltr'>omnino</span> <span class='ocrx_word' id='word_1_40' title='bbox 801 916 945 1009; x_wconf 76' lang='lat' dir='ltr'>malum,</span> <span class='ocrx_word' id='word_1_41' title='bbox 967 917 1108 978; x_wconf 91' lang='lat' dir='ltr'>Caesarea</span> <span class='ocrx_word' id='word_1_42' title='bbox 1134 916 1201 979; x_wconf 90' lang='lat' dir='ltr'>cle-</span> 
     </span>
     <span class='ocr_line' id='line_1_7' title="bbox 128 1017 1202 1108; baseline 0.007 -30"><span class='ocrx_word' id='word_1_43' title='bbox 128 1017 251 1080; x_wconf 88' lang='lat' dir='ltr'>mentia</span> <span class='ocrx_word' id='word_1_44' title='bbox 274 1017 432 1102; x_wconf 86' lang='lat' dir='ltr'>delenire,</span> <span class='ocrx_word' id='word_1_45' title='bbox 451 1020 639 1103; x_wconf 89' lang='lat' dir='ltr'>sublevare,</span> <span class='ocrx_word' id='word_1_46' title='bbox 663 1021 698 1085; x_wconf 93' lang='lat' dir='ltr'>in</span> <span class='ocrx_word' id='word_1_47' title='bbox 723 1045 836 1086; x_wconf 89' lang='lat' dir='ltr'>sensus</span> <span class='ocrx_word' id='word_1_48' title='bbox 858 1021 958 1085; x_wconf 92' lang='lat' dir='ltr'>animi</span> <span class='ocrx_word' id='word_1_49' title='bbox 981 1020 1202 1108; x_wconf 91' lang='lat' dir='ltr'>penitissimos</span> 
     </span>
     <span class='ocr_line' id='line_1_8' title="bbox 128 1125 1203 1212; baseline 0.006 -25"><span class='ocrx_word' id='word_1_50' title='bbox 128 1125 319 1207; x_wconf 83' lang='lat' dir='ltr'>admittere,</span> <span class='ocrx_word' id='word_1_51' title='bbox 339 1127 443 1191; x_wconf 90' lang='lat' dir='ltr'>sciens</span> <span class='ocrx_word' id='word_1_52' title='bbox 459 1151 574 1192; x_wconf 88' lang='lat' dir='ltr'>verum</span> <span class='ocrx_word' id='word_1_53' title='bbox 591 1128 729 1193; x_wconf 91' lang='lat' dir='ltr'>deorum</span> <span class='ocrx_word' id='word_1_54' title='bbox 746 1132 921 1212; x_wconf 89' lang='lat' dir='ltr'>cultorem,</span> <span class='ocrx_word' id='word_1_55' title='bbox 935 1129 1032 1191; x_wconf 89' lang='lat' dir='ltr'>etiam</span> <span class='ocrx_word' id='word_1_56' title='bbox 1051 1127 1203 1192; x_wconf 79' lang='lat' dir='ltr'>sacerdo·</span> 
     </span>
     <span class='ocr_line' id='line_1_9' title="bbox 130 1231 1205 1322; baseline 0.003 -27"><span class='ocrx_word' id='word_1_57' title='bbox 130 1247 198 1295; x_wconf 91' lang='lat' dir='ltr'>tem</span> <span class='ocrx_word' id='word_1_58' title='bbox 209 1231 366 1296; x_wconf 89' lang='lat' dir='ltr'>venerari.</span> <span class='ocrx_word' id='word_1_59' title='bbox 377 1232 571 1296; x_wconf 86' lang='lat' dir='ltr'>Laurentius</span> <span class='ocrx_word' id='word_1_60' title='bbox 587 1256 720 1321; x_wconf 92' lang='lat' dir='ltr'>quoque</span> <span class='ocrx_word' id='word_1_61' title='bbox 732 1234 891 1316; x_wconf 87' lang='lat' dir='ltr'>Medices,</span> <span class='ocrx_word' id='word_1_62' title='bbox 903 1249 1038 1322; x_wconf 86' lang='lat' dir='ltr'>patruus</span> <span class='ocrx_word' id='word_1_63' title='bbox 1051 1249 1127 1297; x_wconf 93' lang='lat' dir='ltr'>tuus</span> <span class='ocrx_word' id='word_1_64' title='bbox 1136 1281 1145 1316; x_wconf 94' lang='lat'>,</span> <span class='ocrx_word' id='word_1_65' title='bbox 1153 1234 1205 1299; x_wconf 83' lang='lat' dir='ltr'>fe·</span> 
     </span>
     <span class='ocr_line' id='line_1_10' title="bbox 129 1338 1203 1421; baseline 0.002 -21"><span class='ocrx_word' id='word_1_66' title='bbox 129 1338 287 1401; x_wconf 91' lang='lat' dir='ltr'>licissimae</span> <span class='ocrx_word' id='word_1_67' title='bbox 303 1338 353 1403; x_wconf 90' lang='lat' dir='ltr'>vir</span> <span class='ocrx_word' id='word_1_68' title='bbox 368 1340 553 1421; x_wconf 87' lang='lat' dir='ltr'>memoriae,</span> <span class='ocrx_word' id='word_1_69' title='bbox 571 1340 624 1403; x_wconf 91' lang='lat' dir='ltr'>cui</span> <span class='ocrx_word' id='word_1_70' title='bbox 639 1341 742 1405; x_wconf 86' lang='lat' dir='ltr'>Musae</span> <span class='ocrx_word' id='word_1_71' title='bbox 761 1339 938 1406; x_wconf 89' lang='lat' dir='ltr'>concordes</span> <span class='ocrx_word' id='word_1_72' title='bbox 961 1341 1103 1403; x_wconf 88' lang='lat' dir='ltr'>lauream</span> <span class='ocrx_word' id='word_1_73' title='bbox 1122 1339 1203 1403; x_wconf 88' lang='lat' dir='ltr'>Par-</span> 
     </span>
     <span class='ocr_line' id='line_1_11' title="bbox 130 1444 1204 1534; baseline 0.002 -28"><span class='ocrx_word' id='word_1_74' title='bbox 130 1444 253 1507; x_wconf 82' lang='lat' dir='ltr'>nasium</span> <span class='ocrx_word' id='word_1_75' title='bbox 275 1460 535 1528; x_wconf 83' lang='lat' dir='ltr'>contexuerunt,</span> <span class='ocrx_word' id='word_1_76' title='bbox 558 1445 640 1534; x_wconf 91' lang='lat' dir='ltr'>quid</span> <span class='ocrx_word' id='word_1_77' title='bbox 661 1470 729 1510; x_wconf 91' lang='lat' dir='ltr'>non</span> <span class='ocrx_word' id='word_1_78' title='bbox 748 1448 901 1528; x_wconf 89' lang='lat' dir='ltr'>tentavit,</span> <span class='ocrx_word' id='word_1_79' title='bbox 923 1445 1003 1534; x_wconf 91' lang='lat' dir='ltr'>quid</span> <span class='ocrx_word' id='word_1_80' title='bbox 1022 1468 1090 1510; x_wconf 92' lang='lat' dir='ltr'>non</span> <span class='ocrx_word' id='word_1_81' title='bbox 1106 1444 1204 1527; x_wconf 90' lang='lat' dir='ltr'>fecit,</span> 
     </span>
     <span class='ocr_line' id='line_1_12' title="bbox 131 1548 1205 1640; baseline 0.001 -28"><span class='ocrx_word' id='word_1_82' title='bbox 131 1548 211 1636; x_wconf 91' lang='lat' dir='ltr'>quid</span> <span class='ocrx_word' id='word_1_83' title='bbox 230 1572 298 1612; x_wconf 93' lang='lat' dir='ltr'>non</span> <span class='ocrx_word' id='word_1_84' title='bbox 323 1551 479 1639; x_wconf 86' lang='lat' dir='ltr'>perfecit,</span> <span class='ocrx_word' id='word_1_85' title='bbox 505 1566 543 1615; x_wconf 92' lang='lat' dir='ltr'>ut</span> <span class='ocrx_word' id='word_1_86' title='bbox 564 1567 672 1634; x_wconf 89' lang='lat' dir='ltr'>vates,</span> <span class='ocrx_word' id='word_1_87' title='bbox 701 1575 812 1616; x_wconf 92' lang='lat' dir='ltr'>curam</span> <span class='ocrx_word' id='word_1_88' title='bbox 832 1553 991 1640; x_wconf 90' lang='lat' dir='ltr'>priorem,</span> <span class='ocrx_word' id='word_1_89' title='bbox 1007 1550 1205 1637; x_wconf 83' lang='lat' dir='ltr'>deliciasque</span> 
     </span>
     <span class='ocr_line' id='line_1_13' title="bbox 130 1653 1204 1744; baseline -0.002 -26"><span class='ocrx_word' id='word_1_90' title='bbox 130 1677 221 1737; x_wconf 89' lang='lat' dir='ltr'>suas,</span> <span class='ocrx_word' id='word_1_91' title='bbox 238 1655 441 1720; x_wconf 91' lang='lat' dir='ltr'>beatissimos</span> <span class='ocrx_word' id='word_1_92' title='bbox 465 1656 609 1720; x_wconf 80' lang='lat' dir='ltr'>videret?</span> <span class='ocrx_word' id='word_1_93' title='bbox 630 1659 670 1720; x_wconf 93' lang='lat' dir='ltr'>In</span> <span class='ocrx_word' id='word_1_94' title='bbox 689 1657 781 1737; x_wconf 84' lang='lat' dir='ltr'>cujus</span> <span class='ocrx_word' id='word_1_95' title='bbox 801 1657 971 1744; x_wconf 86' lang='lat' dir='ltr'>Apollinea</span> <span class='ocrx_word' id='word_1_96' title='bbox 988 1656 1080 1718; x_wconf 88' lang='lat' dir='ltr'>lauro</span> <span class='ocrx_word' id='word_1_97' title='bbox 1102 1653 1204 1717; x_wconf 90' lang='lat' dir='ltr'>nidu-</span> 
     </span>
     <span class='ocr_line' id='line_1_14' title="bbox 129 1760 1205 1849; baseline 0.001 -26"><span class='ocrx_word' id='word_1_98' title='bbox 129 1760 213 1824; x_wconf 85' lang='lat' dir='ltr'>latus</span> <span class='ocrx_word' id='word_1_99' title='bbox 230 1775 279 1824; x_wconf 94' lang='lat' dir='ltr'>est</span> <span class='ocrx_word' id='word_1_100' title='bbox 290 1761 424 1848; x_wconf 85' lang='lat' dir='ltr'>phoenix</span> <span class='ocrx_word' id='word_1_101' title='bbox 440 1763 556 1826; x_wconf 91' lang='lat' dir='ltr'>unicus</span> <span class='ocrx_word' id='word_1_102' title='bbox 572 1762 631 1826; x_wconf 86' lang='lat' dir='ltr'>aevi</span> <span class='ocrx_word' id='word_1_103' title='bbox 651 1763 755 1827; x_wconf 91' lang='lat' dir='ltr'>nostri</span> <span class='ocrx_word' id='word_1_104' title='bbox 770 1762 867 1826; x_wconf 88' lang='lat' dir='ltr'>Picus</span> <span class='ocrx_word' id='word_1_105' title='bbox 883 1761 1083 1843; x_wconf 87' lang='lat' dir='ltr'>Mirandula,</span> <span class='ocrx_word' id='word_1_106' title='bbox 1103 1760 1205 1849; x_wconf 86' lang='lat' dir='ltr'>longe</span> 
     </span>
     <span class='ocr_line' id='line_1_15' title="bbox 128 1867 1207 1957; baseline 0.001 -28"><span class='ocrx_word' id='word_1_107' title='bbox 128 1883 253 1954; x_wconf 88' lang='lat' dir='ltr'>septem</span> <span class='ocrx_word' id='word_1_108' title='bbox 269 1867 382 1955; x_wconf 88' lang='lat' dir='ltr'>priscis</span> <span class='ocrx_word' id='word_1_109' title='bbox 402 1868 601 1956; x_wconf 90' lang='lat' dir='ltr'>sapientibus</span> <span class='ocrx_word' id='word_1_110' title='bbox 621 1869 836 1957; x_wconf 89' lang='lat' dir='ltr'>eloquentior,</span> <span class='ocrx_word' id='word_1_111' title='bbox 855 1868 981 1950; x_wconf 92' lang='lat' dir='ltr'>clarior,</span> <span class='ocrx_word' id='word_1_112' title='bbox 1000 1867 1151 1947; x_wconf 88' lang='lat' dir='ltr'>sanctior,</span> <span class='ocrx_word' id='word_1_113' title='bbox 1171 1882 1207 1930; x_wconf 89' lang='lat' dir='ltr'>et</span> 
     </span>
     <span class='ocr_line' id='line_1_16' title="bbox 129 1967 1203 2059; baseline 0.001 -29"><span class='ocrx_word' id='word_1_114' title='bbox 129 1968 165 2030; x_wconf 90' lang='lat' dir='ltr'>in</span> <span class='ocrx_word' id='word_1_115' title='bbox 179 1967 270 2030; x_wconf 90' lang='lat' dir='ltr'>omni</span> <span class='ocrx_word' id='word_1_116' title='bbox 283 1967 356 2030; x_wconf 87' lang='lat' dir='ltr'>vitae</span> <span class='ocrx_word' id='word_1_117' title='bbox 372 1967 594 2056; x_wconf 86' lang='lat' dir='ltr'>doctrinaeque</span> <span class='ocrx_word' id='word_1_118' title='bbox 615 1993 734 2059; x_wconf 82' lang='lat' dir='ltr'>genere</span> <span class='ocrx_word' id='word_1_119' title='bbox 750 1971 875 2036; x_wconf 89' lang='lat' dir='ltr'>tersior.</span> <span class='ocrx_word' id='word_1_120' title='bbox 892 1970 1018 2033; x_wconf 89' lang='lat' dir='ltr'>Omitto</span> <span class='ocrx_word' id='word_1_121' title='bbox 1032 1968 1203 2049; x_wconf 90' lang='lat' dir='ltr'>Ficinum,</span> 
     </span>
     <span class='ocr_line' id='line_1_17' title="bbox 130 2071 1205 2165; baseline 0 -29"><span class='ocrx_word' id='word_1_122' title='bbox 130 2071 232 2137; x_wconf 89' lang='lat' dir='ltr'>divini</span> <span class='ocrx_word' id='word_1_123' title='bbox 247 2072 391 2136; x_wconf 90' lang='lat' dir='ltr'>Platonis</span> <span class='ocrx_word' id='word_1_124' title='bbox 407 2073 565 2155; x_wconf 88' lang='lat' dir='ltr'>animam;</span> <span class='ocrx_word' id='word_1_125' title='bbox 593 2074 790 2139; x_wconf 89' lang='lat' dir='ltr'>Politianum</span> <span class='ocrx_word' id='word_1_126' title='bbox 809 2098 911 2165; x_wconf 83' lang='lat' dir='ltr'>graece</span> <span class='ocrx_word' id='word_1_127' title='bbox 928 2076 1091 2162; x_wconf 88' lang='lat' dir='ltr'>latineque</span> <span class='ocrx_word' id='word_1_128' title='bbox 1117 2073 1205 2161; x_wconf 90' lang='lat' dir='ltr'>poli·</span> 
     </span>
     <span class='ocr_line' id='line_1_18' title="bbox 129 2178 1205 2268; baseline 0.001 -26"><span class='ocrx_word' id='word_1_129' title='bbox 129 2178 310 2261; x_wconf 91' lang='lat' dir='ltr'>tissimum,</span> <span class='ocrx_word' id='word_1_130' title='bbox 323 2194 356 2242; x_wconf 97' lang='lat' dir='ltr'>et</span> <span class='ocrx_word' id='word_1_131' title='bbox 368 2179 447 2243; x_wconf 88' lang='lat' dir='ltr'>alios</span> <span class='ocrx_word' id='word_1_132' title='bbox 462 2178 670 2261; x_wconf 91' lang='lat' dir='ltr'>innumeros,</span> <span class='ocrx_word' id='word_1_133' title='bbox 684 2202 766 2268; x_wconf 92' lang='lat' dir='ltr'>quos</span> <span class='ocrx_word' id='word_1_134' title='bbox 779 2182 899 2242; x_wconf 84' lang='lat' dir='ltr'>referre</span> <span class='ocrx_word' id='word_1_135' title='bbox 913 2179 1205 2268; x_wconf 84' lang='lat' dir='ltr'>impraesentiarum</span> 
     </span>
     <span class='ocr_line' id='line_1_19' title="bbox 130 2286 1205 2377; baseline 0.001 -28"><span class='ocrx_word' id='word_1_136' title='bbox 130 2309 236 2374; x_wconf 86' lang='lat' dir='ltr'>operae</span> <span class='ocrx_word' id='word_1_137' title='bbox 245 2309 314 2350; x_wconf 91' lang='lat' dir='ltr'>non</span> <span class='ocrx_word' id='word_1_138' title='bbox 325 2303 373 2350; x_wconf 90' lang='lat' dir='ltr'>est</span> <span class='ocrx_word' id='word_1_139' title='bbox 382 2288 534 2374; x_wconf 90' lang='lat' dir='ltr'>pretium.</span> <span class='ocrx_word' id='word_1_140' title='bbox 543 2288 605 2351; x_wconf 94' lang='lat' dir='ltr'>Hic</span> <span class='ocrx_word' id='word_1_141' title='bbox 618 2289 715 2352; x_wconf 92' lang='lat' dir='ltr'>heros</span> <span class='ocrx_word' id='word_1_142' title='bbox 732 2287 875 2377; x_wconf 85' lang='lat' dir='ltr'>ingenio,</span> <span class='ocrx_word' id='word_1_143' title='bbox 885 2287 1070 2375; x_wconf 90' lang='lat' dir='ltr'>prudentia,</span> <span class='ocrx_word' id='word_1_144' title='bbox 1085 2286 1205 2350; x_wconf 89' lang='lat' dir='ltr'>mentis</span> 
     </span>
     <span class='ocr_line' id='line_1_20' title="bbox 129 2391 1206 2481; baseline -0.003 -24"><span class='ocrx_word' id='word_1_145' title='bbox 129 2393 297 2473; x_wconf 88' lang='lat' dir='ltr'>acumine,</span> <span class='ocrx_word' id='word_1_146' title='bbox 311 2393 411 2456; x_wconf 90' lang='lat' dir='ltr'>animi</span> <span class='ocrx_word' id='word_1_147' title='bbox 426 2395 612 2481; x_wconf 88' lang='lat' dir='ltr'>praesentia,</span> <span class='ocrx_word' id='word_1_148' title='bbox 625 2393 833 2477; x_wconf 88' lang='lat' dir='ltr'>liberalitate,</span> <span class='ocrx_word' id='word_1_149' title='bbox 850 2391 1031 2475; x_wconf 80' lang='lat' dir='ltr'>literatura,</span> <span class='ocrx_word' id='word_1_150' title='bbox 1050 2392 1151 2480; x_wconf 88' lang='lat' dir='ltr'>qualis</span> <span class='ocrx_word' id='word_1_151' title='bbox 1169 2393 1206 2455; x_wconf 90' lang='lat' dir='ltr'>in</span> 
     </span>
     <span class='ocr_line' id='line_1_21' title="bbox 129 2497 1205 2588; baseline -0.001 -25"><span class='ocrx_word' id='word_1_152' title='bbox 129 2498 379 2586; x_wconf 91' lang='lat' dir='ltr'>occupatissimo</span> <span class='ocrx_word' id='word_1_153' title='bbox 389 2498 536 2588; x_wconf 89' lang='lat' dir='ltr'>principe</span> <span class='ocrx_word' id='word_1_154' title='bbox 550 2522 619 2562; x_wconf 90' lang='lat' dir='ltr'>esse</span> <span class='ocrx_word' id='word_1_155' title='bbox 631 2499 760 2586; x_wconf 92' lang='lat' dir='ltr'>potuit,</span> <span class='ocrx_word' id='word_1_156' title='bbox 772 2499 958 2586; x_wconf 90' lang='lat' dir='ltr'>caeterisque</span> <span class='ocrx_word' id='word_1_157' title='bbox 974 2498 1074 2561; x_wconf 90' lang='lat' dir='ltr'>animi</span> <span class='ocrx_word' id='word_1_158' title='bbox 1088 2497 1205 2580; x_wconf 92' lang='lat' dir='ltr'>bonis,</span> 
     </span>
     <span class='ocr_line' id='line_1_22' title="bbox 131 2604 1208 2692; baseline 0 -24"><span class='ocrx_word' id='word_1_159' title='bbox 131 2604 351 2669; x_wconf 83' lang='lat' dir='ltr'>excellentiam</span> <span class='ocrx_word' id='word_1_160' title='bbox 369 2605 518 2667; x_wconf 89' lang='lat' dir='ltr'>omniurn</span> <span class='ocrx_word' id='word_1_161' title='bbox 536 2605 769 2686; x_wconf 87' lang='lat' dir='ltr'>memoriarum</span> <span class='ocrx_word' id='word_1_162' title='bbox 785 2605 940 2687; x_wconf 87' lang='lat' dir='ltr'>excessit,</span> <span class='ocrx_word' id='word_1_163' title='bbox 953 2621 1110 2692; x_wconf 91' lang='lat' dir='ltr'>patronus</span> <span class='ocrx_word' id='word_1_164' title='bbox 1127 2626 1208 2691; x_wconf 89' lang='lat' dir='ltr'>poe·</span> 
     </span>
     <span class='ocr_line' id='line_1_23' title="bbox 129 2710 1206 2801; baseline 0 -26"><span class='ocrx_word' id='word_1_165' title='bbox 129 2711 424 2799; x_wconf 89' lang='lat' dir='ltr'>tarumpeculiaris,</span> <span class='ocrx_word' id='word_1_166' title='bbox 434 2728 467 2775; x_wconf 95' lang='lat' dir='ltr'>et</span> <span class='ocrx_word' id='word_1_167' title='bbox 474 2711 660 2800; x_wconf 88' lang='lat' dir='ltr'>praesidium</span> <span class='ocrx_word' id='word_1_168' title='bbox 667 2714 912 2801; x_wconf 89' lang='lat' dir='ltr'>unicum,pater</span> <span class='ocrx_word' id='word_1_169' title='bbox 920 2710 1005 2800; x_wconf 88' lang='lat' dir='ltr'>pacis</span> <span class='ocrx_word' id='word_1_170' title='bbox 1014 2710 1206 2775; x_wconf 86' lang='lat' dir='ltr'>etAusoniae</span> 
     </span>
     <span class='ocr_line' id='line_1_24' title="bbox 129 2817 1205 2907; baseline -0.001 -26"><span class='ocrx_word' id='word_1_171' title='bbox 129 2817 263 2906; x_wconf 89' lang='lat' dir='ltr'>quietis,</span> <span class='ocrx_word' id='word_1_172' title='bbox 281 2818 372 2898; x_wconf 88' lang='lat' dir='ltr'>cujus</span> <span class='ocrx_word' id='word_1_173' title='bbox 390 2818 474 2881; x_wconf 88' lang='lat' dir='ltr'>fama</span> <span class='ocrx_word' id='word_1_174' title='bbox 489 2817 541 2881; x_wconf 93' lang='lat' dir='ltr'>his</span> <span class='ocrx_word' id='word_1_175' title='bbox 551 2818 724 2903; x_wconf 84' lang='lat' dir='ltr'>terminis,</span> <span class='ocrx_word' id='word_1_176' title='bbox 741 2819 861 2907; x_wconf 91' lang='lat' dir='ltr'>quibus</span> <span class='ocrx_word' id='word_1_177' title='bbox 880 2817 934 2881; x_wconf 92' lang='lat' dir='ltr'>hic</span> <span class='ocrx_word' id='word_1_178' title='bbox 952 2817 1114 2881; x_wconf 90' lang='lat' dir='ltr'>terrestris</span> <span class='ocrx_word' id='word_1_179' title='bbox 1132 2817 1205 2906; x_wconf 84' lang='lat' dir='ltr'>glo·</span> 
     </span>
     <span class='ocr_line' id='line_1_25' title="bbox 129 2922 1206 3007; baseline 0 -20"><span class='ocrx_word' id='word_1_180' title='bbox 129 2924 209 3007; x_wconf 93' lang='lat' dir='ltr'>bus,</span> <span class='ocrx_word' id='word_1_181' title='bbox 221 2922 466 2990; x_wconf 89' lang='lat' dir='ltr'>terminabatur.</span> <span class='ocrx_word' id='word_1_182' title='bbox 481 2924 570 2988; x_wconf 89' lang='lat' dir='ltr'>Felix</span> <span class='ocrx_word' id='word_1_183' title='bbox 586 2922 666 2988; x_wconf 90' lang='lat' dir='ltr'>dum</span> <span class='ocrx_word' id='word_1_184' title='bbox 675 2924 771 3007; x_wconf 87' lang='lat' dir='ltr'>vivit,</span> <span class='ocrx_word' id='word_1_185' title='bbox 784 2925 825 2988; x_wconf 87' lang='lat' dir='ltr'>ab</span> <span class='ocrx_word' id='word_1_186' title='bbox 838 2924 931 2988; x_wconf 89' lang='lat' dir='ltr'>obitu</span> <span class='ocrx_word' id='word_1_187' title='bbox 945 2923 1081 3003; x_wconf 89' lang='lat' dir='ltr'>felicior,</span> <span class='ocrx_word' id='word_1_188' title='bbox 1094 2922 1206 2987; x_wconf 90' lang='lat' dir='ltr'>Leone</span> 
     </span>
     <span class='ocr_line' id='line_1_26' title="bbox 129 3027 1207 3118; baseline -0.002 -24"><span class='ocrx_word' id='word_1_189' title='bbox 129 3030 277 3112; x_wconf 90' lang='lat' dir='ltr'>Decim0,</span> <span class='ocrx_word' id='word_1_190' title='bbox 288 3029 446 3095; x_wconf 90' lang='lat' dir='ltr'>Pontifice</span> <span class='ocrx_word' id='word_1_191' title='bbox 462 3029 618 3111; x_wconf 86' lang='lat' dir='ltr'>Maximo,</span> <span class='ocrx_word' id='word_1_192' title='bbox 632 3028 759 3118; x_wconf 77' lang='lat' dir='ltr'>gloriae,</span> <span class='ocrx_word' id='word_1_193' title='bbox 772 3028 918 3110; x_wconf 88' lang='lat' dir='ltr'>virtutis,</span> <span class='ocrx_word' id='word_1_194' title='bbox 931 3027 1111 3109; x_wconf 85' lang='lat' dir='ltr'>modestiae,</span> <span class='ocrx_word' id='word_1_195' title='bbox 1123 3027 1207 3092; x_wconf 92' lang='lat' dir='ltr'>libe·</span> 
     </span>
     <span class='ocr_line' id='line_1_27' title="bbox 129 3132 1206 3224; baseline -0.004 -25"><span class='ocrx_word' id='word_1_196' title='bbox 129 3136 278 3218; x_wconf 88' lang='lat' dir='ltr'>ralitatis,</span> <span class='ocrx_word' id='word_1_197' title='bbox 297 3137 522 3219; x_wconf 88' lang='lat' dir='ltr'>continentiae,</span> <span class='ocrx_word' id='word_1_198' title='bbox 543 3135 720 3224; x_wconf 88' lang='lat' dir='ltr'>sapientiae,</span> <span class='ocrx_word' id='word_1_199' title='bbox 738 3157 923 3201; x_wconf 91' lang='lat' dir='ltr'>successore</span> <span class='ocrx_word' id='word_1_200' title='bbox 947 3157 984 3198; x_wconf 90' lang='lat' dir='ltr'>ac</span> <span class='ocrx_word' id='word_1_201' title='bbox 1002 3132 1130 3197; x_wconf 91' lang='lat' dir='ltr'>haerede</span> <span class='ocrx_word' id='word_1_202' title='bbox 1151 3155 1206 3196; x_wconf 92' lang='lat' dir='ltr'>re·</span> 
     </span>
     <span class='ocr_line' id='line_1_28' title="bbox 129 3238 1208 3329; baseline -0.001 -25"><span class='ocrx_word' id='word_1_203' title='bbox 129 3242 227 3305; x_wconf 90' lang='lat' dir='ltr'>licto:</span> <span class='ocrx_word' id='word_1_204' title='bbox 245 3241 303 3329; x_wconf 91' lang='lat' dir='ltr'>qui</span> <span class='ocrx_word' id='word_1_205' title='bbox 315 3242 489 3306; x_wconf 85' lang='lat' dir='ltr'>&#39;sanctitate</span> <span class='ocrx_word' id='word_1_206' title='bbox 507 3258 634 3306; x_wconf 89' lang='lat' dir='ltr'>tantum</span> <span class='ocrx_word' id='word_1_207' title='bbox 653 3244 726 3306; x_wconf 88' lang='lat' dir='ltr'>vitae</span> <span class='ocrx_word' id='word_1_208' title='bbox 746 3242 903 3306; x_wconf 89' lang='lat' dir='ltr'>thronum</span> <span class='ocrx_word' id='word_1_209' title='bbox 921 3238 1026 3320; x_wconf 90' lang='lat' dir='ltr'>Petri,</span> <span class='ocrx_word' id='word_1_210' title='bbox 1045 3261 1155 3301; x_wconf 91' lang='lat' dir='ltr'>rarum</span> <span class='ocrx_word' id='word_1_211' title='bbox 1174 3255 1208 3303; x_wconf 91' lang='lat' dir='ltr'>et</span> 
     </span>
     <span class='ocr_line' id='line_1_29' title="bbox 130 3345 1208 3436; baseline -0.003 -25"><span class='ocrx_word' id='word_1_212' title='bbox 130 3345 316 3411; x_wconf 88' lang='lat' dir='ltr'>inauditum</span> <span class='ocrx_word' id='word_1_213' title='bbox 339 3348 463 3411; x_wconf 77' lang='lat' dir='ltr'>saeculis</span> <span class='ocrx_word' id='word_1_214' title='bbox 488 3349 625 3430; x_wconf 90' lang='lat' dir='ltr'>nostris,</span> <span class='ocrx_word' id='word_1_215' title='bbox 639 3346 794 3412; x_wconf 89' lang='lat' dir='ltr'>ascendit.</span> <span class='ocrx_word' id='word_1_216' title='bbox 812 3345 862 3409; x_wconf 87' lang='lat' dir='ltr'>Ad</span> <span class='ocrx_word' id='word_1_217' title='bbox 879 3346 971 3427; x_wconf 90' lang='lat' dir='ltr'>cujus</span> <span class='ocrx_word' id='word_1_218' title='bbox 991 3345 1155 3436; x_wconf 84' lang='lat' dir='ltr'>dignitatis</span> <span class='ocrx_word' id='word_1_219' title='bbox 1174 3360 1208 3408; x_wconf 91' lang='lat' dir='ltr'>et</span> 
     </span>
     <span class='ocr_line' id='line_1_30' title="bbox 131 3451 1203 3543; baseline -0.002 -26"><span class='ocrx_word' id='word_1_220' title='bbox 131 3455 289 3536; x_wconf 81' lang='lat' dir='ltr'>fortunae,</span> <span class='ocrx_word' id='word_1_221' title='bbox 309 3469 349 3517; x_wconf 93' lang='lat' dir='ltr'>ut</span> <span class='ocrx_word' id='word_1_222' title='bbox 372 3477 449 3517; x_wconf 88' lang='lat' dir='ltr'>cum</span> <span class='ocrx_word' id='word_1_223' title='bbox 466 3455 565 3543; x_wconf 84' lang='lat' dir='ltr'>vulgo</span> <span class='ocrx_word' id='word_1_224' title='bbox 590 3454 723 3541; x_wconf 90' lang='lat' dir='ltr'>loquar,</span> <span class='ocrx_word' id='word_1_225' title='bbox 748 3454 885 3536; x_wconf 85' lang='lat' dir='ltr'>famam,</span> <span class='ocrx_word' id='word_1_226' title='bbox 909 3452 1028 3533; x_wconf 79' lang='lat' dir='ltr'>Musae,</span> <span class='ocrx_word' id='word_1_227' title='bbox 1045 3452 1114 3515; x_wconf 89' lang='lat' dir='ltr'>fere</span> <span class='ocrx_word' id='word_1_228' title='bbox 1139 3451 1203 3515; x_wconf 91' lang='lat' dir='ltr'>sub</span> 
     </span>
     <span class='ocr_line' id='line_1_31' title="bbox 131 3557 1204 3641; baseline -0.005 -15"><span class='ocrx_word' id='word_1_229' title='bbox 131 3575 223 3626; x_wconf 86' lang='lat' dir='ltr'>aetate</span> <span class='ocrx_word' id='word_1_230' title='bbox 236 3560 340 3639; x_wconf 86' lang='lat' dir='ltr'>ferrea</span> <span class='ocrx_word' id='word_1_231' title='bbox 353 3559 594 3641; x_wconf 91' lang='lat' dir='ltr'>intermortuae,</span> <span class='ocrx_word' id='word_1_232' title='bbox 618 3560 766 3623; x_wconf 86' lang='lat' dir='ltr'>laureum</span> <span class='ocrx_word' id='word_1_233' title='bbox 778 3575 811 3623; x_wconf 92' lang='lat' dir='ltr'>et</span> <span class='ocrx_word' id='word_1_234' title='bbox 821 3582 957 3623; x_wconf 90' lang='lat' dir='ltr'>aureum</span> <span class='ocrx_word' id='word_1_235' title='bbox 972 3558 1128 3622; x_wconf 88' lang='lat' dir='ltr'>saeculum</span> <span class='ocrx_word' id='word_1_236' title='bbox 1140 3557 1204 3622; x_wconf 90' lang='lat' dir='ltr'>sibi</span> 
     </span>
     <span class='ocr_line' id='line_1_32' title="bbox 129 3663 1206 3756; baseline -0.005 -25"><span class='ocrx_word' id='word_1_237' title='bbox 129 3665 398 3756; x_wconf 82' lang='lat' dir='ltr'>praesagiere.Sed</span> <span class='ocrx_word' id='word_1_238' title='bbox 409 3689 477 3754; x_wconf 90' lang='lat' dir='ltr'>quo</span> <span class='ocrx_word' id='word_1_239' title='bbox 486 3666 613 3754; x_wconf 91' lang='lat' dir='ltr'>piaculo</span> <span class='ocrx_word' id='word_1_240' title='bbox 624 3665 779 3754; x_wconf 85' lang='lat' dir='ltr'>genitoris</span> <span class='ocrx_word' id='word_1_241' title='bbox 793 3663 1117 3729; x_wconf 83' lang='lat' dir='ltr'>tuimanesobtice0?</span> <span class='ocrx_word' id='word_1_242' title='bbox 1128 3663 1206 3745; x_wconf 88' lang='lat' dir='ltr'>Quo</span> 
     </span>
     <span class='ocr_line' id='line_1_33' title="bbox 97 3762 1206 3862; baseline -0.005 -26"><span class='ocrx_word' id='word_1_243' title='bbox 97 3762 102 3768; x_wconf 38' lang='lat'><strong><em>⁴</em></strong></span> <span class='ocrx_word' id='word_1_244' title='bbox 130 3772 257 3862; x_wconf 84' lang='lat' dir='ltr'>ingrato</span> <span class='ocrx_word' id='word_1_245' title='bbox 269 3772 398 3836; x_wconf 89' lang='lat' dir='ltr'>silentio</span> <span class='ocrx_word' id='word_1_246' title='bbox 406 3768 569 3837; x_wconf 90' lang='lat' dir='ltr'>adsiderei</span> <span class='ocrx_word' id='word_1_247' title='bbox 574 3771 702 3851; x_wconf 88' lang='lat' dir='ltr'>juvenis</span> <span class='ocrx_word' id='word_1_248' title='bbox 710 3772 829 3835; x_wconf 87' lang='lat' dir='ltr'>famam</span> <span class='ocrx_word' id='word_1_249' title='bbox 837 3769 1206 3860; x_wconf 77' lang='lat' dir='ltr'>fulgentemconniveo?</span> 
     </span>
     <span class='ocr_line' id='line_1_34' title="bbox 130 3874 1204 3968; baseline -0.007 -24"><span class='ocrx_word' id='word_1_250' title='bbox 130 3878 165 3944; x_wconf 91' lang='lat' dir='ltr'>in</span> <span class='ocrx_word' id='word_1_251' title='bbox 179 3901 245 3966; x_wconf 93' lang='lat' dir='ltr'>quo</span> <span class='ocrx_word' id='word_1_252' title='bbox 260 3903 405 3968; x_wconf 84' lang='lat' dir='ltr'>praecox,</span> <span class='ocrx_word' id='word_1_253' title='bbox 418 3901 629 3968; x_wconf 85' lang='lat' dir='ltr'>praecanaque</span> <span class='ocrx_word' id='word_1_254' title='bbox 644 3878 747 3943; x_wconf 87' lang='lat' dir='ltr'>virtus</span> <span class='ocrx_word' id='word_1_255' title='bbox 765 3877 916 3960; x_wconf 91' lang='lat' dir='ltr'>emicuit,</span> <span class='ocrx_word' id='word_1_256' title='bbox 929 3876 1069 3967; x_wconf 91' lang='lat' dir='ltr'>species,</span> <span class='ocrx_word' id='word_1_257' title='bbox 1082 3874 1204 3957; x_wconf 90' lang='lat' dir='ltr'>robur,</span> 
     </span>
     <span class='ocr_line' id='line_1_35' title="bbox 130 3980 1205 4075; baseline -0.005 -27"><span class='ocrx_word' id='word_1_258' title='bbox 130 3984 241 4075; x_wconf 85' lang='lat' dir='ltr'>gratia,</span> <span class='ocrx_word' id='word_1_259' title='bbox 256 3982 438 4067; x_wconf 84' lang='lat' dir='ltr'>dexteritas,</span> <span class='ocrx_word' id='word_1_260' title='bbox 452 3984 598 4067; x_wconf 88' lang='lat' dir='ltr'>comitas,</span> <span class='ocrx_word' id='word_1_261' title='bbox 609 4000 641 4048; x_wconf 92' lang='lat' dir='ltr'>et</span> <span class='ocrx_word' id='word_1_262' title='bbox 651 4006 774 4048; x_wconf 88' lang='lat' dir='ltr'>serenae</span> <span class='ocrx_word' id='word_1_263' title='bbox 785 3984 904 4047; x_wconf 86' lang='lat' dir='ltr'>frontis</span> <span class='ocrx_word' id='word_1_264' title='bbox 918 3981 1087 4046; x_wconf 90' lang='lat' dir='ltr'>aetherium</span> <span class='ocrx_word' id='word_1_265' title='bbox 1098 3980 1205 4061; x_wconf 87' lang='lat' dir='ltr'>jubar,</span> 
     </span>
     <span class='ocr_line' id='line_1_36' title="bbox 132 4083 1206 4181; baseline -0.004 -27"><span class='ocrx_word' id='word_1_266' title='bbox 132 4093 309 4181; x_wconf 86' lang='lat' dir='ltr'>singulares</span> <span class='ocrx_word' id='word_1_267' title='bbox 325 4092 361 4154; x_wconf 92' lang='lat' dir='ltr'>in</span> <span class='ocrx_word' id='word_1_268' title='bbox 375 4092 566 4156; x_wconf 90' lang='lat' dir='ltr'>mortalibus</span> <span class='ocrx_word' id='word_1_269' title='bbox 585 4086 690 4155; x_wconf 85' lang='lat' dir='ltr'>dotes.</span> <span class='ocrx_word' id='word_1_270' title='bbox 705 4091 775 4154; x_wconf 84' lang='lat' dir='ltr'>Heu</span> <span class='ocrx_word' id='word_1_271' title='bbox 780 4093 883 4178; x_wconf 82' lang='lat' dir='ltr'>pietas</span> <span class='ocrx_word' id='word_1_272' title='bbox 892 4094 904 4154; x_wconf 77' lang='lat' dir='ltr'><em>J</em></span> <span class='ocrx_word' id='word_1_273' title='bbox 916 4091 976 4155; x_wconf 79' lang='lat' dir='ltr'>beu</span> <span class='ocrx_word' id='word_1_274' title='bbox 983 4092 1094 4178; x_wconf 81' lang='lat' dir='ltr'>prisca</span> <span class='ocrx_word' id='word_1_275' title='bbox 1096 4083 1206 4174; x_wconf 75' lang='lat' dir='ltr'>fides!</span> 
     </span>
    </p>
   </div>
   <div class='ocr_carea' id='block_1_3' title="bbox 0 0 1352 4830">
    <p class='ocr_par' dir='ltr' id='par_1_3' title="bbox 0 0 1352 4830">
     <span class='ocr_line' id='line_1_37' title="bbox 0 0 1352 4830; baseline 0 0"><span class='ocrx_word' id='word_1_276' title='bbox 0 0 1352 4830; x_wconf 95' lang='lat' dir='ltr'> </span> 
     </span>
    </p>
   </div>
  </div>
 </body>
</html>
