2686 4830
310 334 492 403 AEGIDII
517 335 731 402 MASERII
757 335 811 403 IN
837 334 1025 403 ΑΒΕ-ΟΝ.
1116 360 1200 406 xxm

130 461 221 527 virus
236 475 345 526 atrum
360 463 472 553 lingua
487 462 686 529 diffundens.
700 463 742 526 Et
754 464 810 550 qui
822 463 929 550 primo
942 465 1067 551 parenti
1081 467 1202 531 malum

131 589 174 631 ex
186 567 302 632 arbore
311 567 487 658 legendum
498 569 666 656 persuasit,
674 566 774 631 modo
785 584 872 631 vetat
880 569 999 657 colligi,
1011 572 1203 658 excerpiqne

132 693 174 735 ex
187 672 303 736 arbore
318 672 485 761 purissimi
501 673 618 761 agnelli
629 674 730 736 vellus
743 695 889 738 aureum.
904 672 1005 739 Adest
1018 689 1126 738 tamen
1142 676 1206 740 for·

105 835 109 843 .
132 777 233 861 tibus,
246 793 430 866 serpentem
445 778 595 842 caleaneo
608 795 778 867 proterens
787 779 879 866 virgo
893 778 977 868 regis
992 780 1203 844 omnituentis

132 881 216 964 filia,
226 882 309 972 regis
318 931 328 965 ,
337 883 394 971 qui
406 882 609 947 malonomos
621 899 685 963 est,
694 899 796 946 mater
805 906 960 973 generosa
968 932 978 966 ,
987 884 1029 949 ad
1037 885 1204 968 arborem,

132 987 224 1052 unde
234 1011 337 1077 agnus
350 988 523 1077 pependit,
536 988 674 1077 gradum
688 989 796 1053 nautis
809 990 943 1071 faciens,
956 1013 1027 1078 quae
1039 1008 1204 1078 sperantes

132 1110 399 1183 portureceptos
422 1118 629 1183 nequaquam
656 1094 785 1160 deserit.
813 1097 871 1161 Est
897 1118 934 1159 ea
958 1098 1143 1160 communis
1172 1115 1205 1162 et

132 1201 209 1265 trita
219 1201 392 1264 hominum
403 1201 453 1264 ria
462 1200 524 1265 sub
534 1202 674 1265 honesto
684 1223 821 1288 poeseos
828 1199 983 1290 figmento
991 1204 1204 1291 velata,quam

132 1307 196 1372 sub
213 1308 327 1371 militia
342 1309 485 1372 terrestri
501 1330 592 1396 reges
610 1305 764 1396 effigiant.
789 1308 872 1371 Sunt
889 1332 1045 1396 namque,
1063 1311 1120 1397 qui
1145 1333 1203 1398 pe·

132 1413 230 1478 dibus
246 1412 504 1502 proficiscentes,
521 1437 597 1478 cum
616 1413 775 1501 Dionysio
795 1430 828 1477 et
842 1415 993 1501 Apolline
1013 1431 1113 1479 terras
1134 1418 1202 1480 eol·

131 1520 292 1601 lustrant;
309 1519 475 1608 Pythonas
489 1535 522 1584 et
537 1536 683 1583 monstra
696 1519 827 1584 caedunt
841 1506 1084 1609 domitantque,
1096 1538 1204 1610 tyran·

132 1624 244 1688 nidem
275 1626 469 1714 exstirpant,
492 1626 634 1690 relevant
659 1648 846 1714 oppressos,
869 1642 1040 1714 terreaque
1060 1628 1201 1714 experti,

130 1732 245 1818 requie
262 1731 379 1796 caelesti
398 1748 431 1796 et
445 1732 565 1820 pabulo
581 1732 768 1822 dignantur.
784 1733 884 1812 Sunt,
898 1733 955 1819 qui
969 1755 1045 1795 cum
1061 1733 1201 1805 Hercule

131 1858 257 1900 novum
271 1836 443 1926 navigandi
459 1860 561 1927 genus
575 1837 637 1901 sub
653 1837 914 1900 anachoritarum
928 1838 1033 1901 forma
1045 1839 1202 1927 aggressi,

131 1942 343 2006 solitudinem
354 1941 520 2034 deligunt,
535 1965 595 2029 pro
612 1942 721 2006 lembo
734 1941 887 2031 publico,
901 1942 993 2006 tenui
1006 1943 1129 2031 scypho
1144 1967 1203 2008 seu

129 2048 237 2112 lebete
257 2064 406 2131 utentes,
433 2048 573 2135 malique
594 2048 808 2136 praealtissimi
831 2048 923 2129 loco,
943 2049 1122 2131 humilem,
1144 2051 1201 2115 s'ed

130 2152 356 2237 durissimam,
372 2153 502 2242 erigunt
514 2154 635 2218 clavam
646 2177 655 2235 ;
666 2176 727 2241 pro
740 2153 935 2218 rudentibus
948 2154 1158 2220 cannabaceis
1169 2174 1202 2220 et

130 2258 328 2342 fractilibus,
343 2282 459 2324 nervos
473 2260 633 2348 fortiaque
646 2261 804 2348 pharetrae
815 2261 884 2324 lora
895 2259 1097 2347 protendunt
1107 2285 1116 2342 ;
1128 2263 1200 2326 salis

130 2364 230 2444 hujus
252 2365 443 2429 amarissimi
469 2366 579 2450 faeces,
600 2365 817 2453 evanidasque
845 2388 996 2454 spumas,
1011 2389 1079 2429 non
1104 2368 1201 2432 remis
1306 2425 1311 2440 ‚

129 2469 336 2558 ingentibus,
353 2470 411 2534 sed
434 2494 512 2534 arcu
537 2486 571 2534 et
592 2471 715 2559 sagittis
739 2470 907 2551 excitatas,
928 2486 1141 2559 praetereunt,
1169 2490 1202 2537 et

129 2572 240 2635 velum
262 2573 368 2636 ventis
386 2572 552 2637 tumidum
568 2573 795 2655 demittentes,
811 2596 879 2636 non
896 2574 1019 2654 leonis,
1036 2573 1093 2637 sed
1109 2597 1200 2637 suam

129 2677 248 2765 pellem
273 2676 471 2766 expandunt.
496 2680 623 2743 Horum
648 2679 766 2745 auxilio
786 2679 961 2779 Erythraea¹
970 2679 1102 2768 petitur.
1130 2680 1202 2742 Tri-

130 2804 251 2871 corpor
275 2783 433 2848 Geriones
459 2785 645 2872 tricepsque
670 2784 778 2848 bobus
803 2784 970 2873 spoliatur.
997 2787 1145 2850 Invenies
1170 2803 1203 2849 et

130 2889 284 2975 quicum
308 2889 430 2952 Perseo
456 2889 627 2953 sublimius
648 2891 712 2953 alas
734 2890 896 2976 quatiant,
919 2911 1002 2976 quos
1020 2890 1201 2978 Phorcyni-

129 2992 211 3056 dum
227 2993 354 3076 talaria,
368 2994 502 3070 Cibisis,
519 2996 662 3082 Orcique
679 2994 767 3084 galea
780 2994 936 3057 muniunt
951 2992 1123 3056 adversum
1137 3011 1201 3057 tres

130 3096 303 3187 Gorgonas
326 3097 398 3187 (vel
412 3100 523 3163 Furias
537 3099 647 3186 potius
662 3097 801 3185 dixeris)
822 3096 960 3160 Palladis
978 3098 1121 3186 auspicio
1136 3122 1202 3163 cer-

131 3220 267 3268 taturos.
281 3204 435 3288 Quidam,
450 3227 523 3268 aera
535 3204 705 3268 temerarie
721 3203 903 3267 scindentes
920 3226 994 3267 cum
1010 3203 1119 3288 Icaro,
1138 3229 1204 3270 rne-

130 3311 202 3375 dios
222 3311 414 3398 relinquunt
436 3325 578 3392 tractus,
606 3328 639 3374 et
664 3332 741 3374 cum
766 3308 906 3374 maximo
929 3327 1021 3376 terrae
1043 3312 1203 3378 desiderio

129 3416 214 3481 Solis
226 3415 375 3480 ardorem
390 3438 463 3482 sero
475 3416 646 3481 devovent.
662 3416 723 3479 Alii
736 3415 836 3479 nimia
849 3414 985 3482 flatuum
1002 3418 1202 3507 indulgentia

129 3522 223 3604 freti,
237 3523 295 3585 ubi
311 3522 353 3586 ad
369 3546 506 3611 scopum
521 3538 656 3587 ventum
673 3539 737 3605 est,
758 3523 832 3611 plus
849 3524 1090 3606 amaritudinis,
1105 3549 1203 3612 quam

129 3628 220 3692 aurei
238 3627 375 3716 liquoris
395 3629 562 3693 hauriunt.
581 3627 751 3709 Ejusmodi
771 3645 819 3692 est
836 3629 1046 3718 navigationis
1062 3632 1202 3717 species,

129 3735 181 3799 vir
201 3733 476 3823 prudentissime,
499 3735 553 3800 cui
580 3751 724 3800 nostram
749 3735 918 3823 phaselum
945 3736 1125 3799 onerariam
1140 3738 1204 3801 Va·

129 3839 261 3904 lerianis
289 3839 475 3905 defunctam
498 3840 596 3905 undis
628 3841 742 3904 offero.
780 3843 871 3905 Inter
897 3841 977 3903 alios
1009 3841 1097 3904 enim
1122 3843 1203 3907 mihi

131 3943 263 4034 dignior
285 3946 375 4010 visus
397 3969 450 4031 es,
463 3947 517 4012 cui
540 3946 702 4011 dicaretur
728 3961 839 4010 nostra
866 3945 1204 4036 elucubratiotqnum

131 4049 249 4132 Petro,
266 4051 379 4139 primae
397 4052 487 4117 navis
502 4052 691 4137 Christianae
706 4050 921 4134 moderatori,
936 4052 1080 4116 Sarcellis
1094 4076 1211 4118 succe.
