2686 4830
256 359 441 428 AEGIDII.
460 360 674 428 MASERII
697 361 749 428 IN
775 361 963 431 ARGON.
1072 387 1143 432 xxv

73 489 194 572 antris3
205 488 237 554 N
238 511 283 553 on
298 503 424 552 metuat
442 488 496 552 cui
511 510 611 578 regna
624 488 724 569 -ratis,
738 488 792 552 oui
808 489 935 555 tradere
950 493 1064 556 caelum
1081 496 1144 558 As·

73 593 170 659 sidua
185 594 308 682 Tiphys
329 595 458 659 vultum
481 594 614 657 lassatus
636 594 676 657 ab
691 596 788 658 Arcto
801 626 825 663 a.
838 594 968 679 Adfuit,
989 598 1144 686 inquam,

73 715 298 786 rostrumque,
309 719 470 786 puppem,
481 713 513 761 et
524 698 608 762 latus
620 714 813 786 utrumque,
824 714 950 780 contos,
961 701 1069 783 funes,
1084 726 1148 767 car·

73 806 168 888 basa,
182 804 360 868 anchoram
376 819 408 868 et
422 821 535 869 caetera
550 804 585 868 id
601 827 703 894 genus
720 806 809 870 navis
826 807 1059 890 instrumenta,
1075 832 1147 896 quaa

73 910 237 999 peramica
266 926 346 975 tunc
372 911 611 998 explicueram,
637 910 751 975 sedulo
778 928 1019 999 perscrutatus,
1039 916 1147 979 verbis

73 1019 177 1081 calcar
193 1016 325 1096 adjecit,
338 1032 371 1081 et
387 1017 534 1104 quamvis
551 1017 741 1106 saepiuscule
757 1019 972 1101 renitentem,
987 1020 1045 1111 qui
1060 1021 1148 1085 lente

74 1121 165 1210 gradi
189 1143 287 1209 super
312 1137 431 1185 terram
456 1121 594 1208 pedibus
622 1121 820 1204 assolebam,
843 1145 910 1186 non
936 1125 1043 1189 solum
1071 1149 1147 1190 cum

72 1227 200 1314 Iphiclo
214 1228 301 1316 Argo
319 1250 469 1309 currere,
489 1225 548 1291 sed
569 1227 665 1291 etiam
686 1227 905 1293 conscendere
921 1230 1100 1318 Pegasum,
1115 1249 1148 1297 et

73 1355 151 1397 cum
179 1331 430 1419 Bellerophonte
454 1332 653 1419 Daedaloque
677 1332 846 1397 insuetum
870 1356 930 1421 per
957 1335 1021 1398 iter
1038 1338 1147 1402 volare

72 1437 249 1525 compulit3
273 1439 434 1503 Acessaeos
460 1437 611 1502 dictitans
629 1437 726 1502 nimis
753 1461 852 1525 quam
872 1460 942 1503 sera
961 1458 1146 1528 exspectare

72 1543 211 1609 Phoebes
237 1566 376 1608 cornua:
395 1545 475 1608 «Sat
500 1542 627 1608 firmam
647 1545 713 1624 jam
738 1561 823 1609 stare
848 1548 1146 1636 ratem,remisque

71 1649 247 1740 superbam
258 1649 397 1714 Poscere
409 1671 492 1737 quos
503 1650 651 1731 veheret,
662 1650 827 1737 rebusque
839 1651 873 1713 in
887 1652 1002 1715 saecula
1012 1654 1112 1717 ferret
1122 1685 1146 1718 v.

69 1757 130 1823 His
152 1757 262 1843 itaque
282 1755 487 1837 stimulatus,
505 1772 538 1819 et
552 1755 695 1819 habenas
714 1757 838 1835 laxare,
853 1754 930 1819 dare
943 1757 1013 1818 vela
1024 1760 1145 1840 ventis,

71 1862 136 1927 alta
147 1883 256 1925 secare
270 1860 390 1942 maria,
403 1861 595 1947 inviumque
608 1860 697 1948 prius
714 1858 880 1922 undarum
894 1862 1055 1924 tramitem
1073 1885 1148 1950 ape-

70 1967 319 2047 riremonitus,
338 1989 422 2054 quos
437 1966 524 2054 agis,
542 1964 659 2028 ductor
677 1963 816 2051 optime,
834 1962 957 2051 oppido
974 1988 1073 2053 quam
1090 1991 1146 2032 ex-

68 2072 179 2160 pedita
193 2072 279 2137 'volui
297 2073 410 2151 juvare
432 2074 560 2152 celoce,
575 2070 744 2136 fortiorem
762 2069 840 2134 inde
853 2086 886 2134 et
901 2071 1145 2138 instructiorem

68 2177 119 2265 (si
133 2177 282 2264 dabitur)
294 2177 506 2241 deducturus.
526 2174 663 2239 Interim
685 2176 820 2240 leviores
842 2177 987 2243 tonsulas
1007 2179 1145 2267 agitabi-

64 2306 155 2348 mus.
177 2284 211 2348 si
227 2283 431 2372 naufragium
447 2279 559 2370 (quod
576 2283 666 2351 Deos
685 2279 825 2367 avertat)
846 2280 1021 2365 faciamus,
1042 2285 1070 2347 is
1091 2308 1142 2368 es,

69 2389 128 2475 qui
140 2389 244 2476 probe
258 2388 359 2470 nosti,
375 2411 442 2476 quo
460 2386 502 2451 sit
523 2385 732 2473 excipiendus
755 2385 915 2473 hospitio,
938 2388 995 2474 qui
1017 2389 1142 2476 primus
1239 2432 1242 2447 .

65 2495 226 2559 intactum
238 2516 327 2561 mare
340 2510 440 2558 conto
454 2494 630 2580 experitur,
645 2507 677 2556 et
690 2492 786 2555 remis
801 2493 967 2574 sollicitat,
987 2495 1142 2581 primam·

66 2623 133 2687 que
153 2602 295 2665 carinam
312 2601 495 2688 producens
506 2647 515 2680 ,
526 2623 546 2662 a
558 2600 664 2665 Malea
677 2599 821 2663 tabulam
837 2621 913 2662 cum
927 2600 1071 2666 vestibus
1088 2626 1141 2667 re·

67 2707 130 2771 fert
142 2709 193 2772 vel
205 2708 433 2772 semilaceram.
447 2707 535 2788 Scio,
551 2722 584 2770 et
596 2706 744 2795 plerique
758 2728 889 2786 omnes,
904 2723 1050 2772 mentem
1064 2733 1140 2775 cum

66 2813 198 2878 fortuna
212 2829 244 2876 te
259 2835 327 2881 non
340 2828 465 2876 vertere
479 2811 627 2876 solitum:
642 2834 741 2898 quem
754 2811 870 2875 vellem
888 2810 950 2875 hac
969 2812 1004 2874 in
1023 2836 1059 2877 re
1079 2814 1142 2879 du·

66 2941 139 2982 cem
158 2917 285 2996 cunctis
298 2917 446 3007 proferri.
464 2918 541 2982 Non
562 2933 662 2998 essct,
685 2915 788 2979 dubio
807 2917 938 3004 procul,
955 2934 1021 2981 tam
1039 2918 1140 2985 densa

66 3025 241 3089 bominum
264 3025 360 3104 silva,
387 3023 477 3087 unde
506 3023 637 3093 arbores
664 3024 797 3110 ingratae
824 3022 1010 3110 legerentur
1041 3046 1140 3112 supra

65 3133 227 3198 Chaonias
252 3132 449 3220 loquaculae,
481 3128 628 3217 illudque
654 3145 742 3193 extra
771 3128 931 3191 cortinam
955 3151 1024 3192 non
1048 3132 1134 3195 effu·

65 3240 184 3322 tirent3
207 3238 253 3302 sic
277 3254 396 3302 mutuo
421 3252 625 3300 susurrantes
647 3235 833 3321 colloquio:
847 3234 923 3317 Qua
941 3234 1061 3324 dignus
1078 3262 1134 3304 ve·
1235 3259 1240 3269 ·

65 3345 138 3427 nia„
150 3345 247 3409 etiam
272 3345 299 3408 si
324 3344 425 3408 semel
449 3359 546 3430 atque
569 3343 688 3406 iterum
714 3341 877 3405 lubricum
904 3359 1034 3426 nactus,
1054 3368 1135 3410 con·

62 3466 186 3516 cretam
204 3452 304 3540 longo
320 3466 468 3538 tempore
480 3448 616 3539 glaciem
631 3446 857 3537 proscindere,
871 3465 903 3512 et
920 3451 1132 3536 permeabiles

62 3572 187 3620 tractus
200 3556 304 3620 facere
319 3555 479 3637 moliaris3
492 3571 654 3642 tuncque,
665 3552 885 3640 lapsabundus
895 3600 904 3634 ,
914 3553 984 3618 risu
998 3554 1134 3644 dignum

62 3661 105 3725 de
132 3676 165 3726 te
197 3662 341 3750 praebeas
371 3660 620 3750 spectaculum?
643 3681 794 3747 sperasne
817 3660 931 3740 aliam,
962 3683 1061 3748 quam
1094 3665 1135 3727 ab

60 3768 190 3858 ingrato
212 3770 321 3832 Xerxe
340 3767 494 3856 gratiam?
516 3766 770 3831 Succlamabunt
791 3782 944 3853 praeterea
965 3765 1007 3829 ad
1031 3769 1133 3833 ravim

61 3895 103 3936 ex
128 3873 256 3938 ludicro
280 3891 450 3962 sumptum
471 3873 668 3961 Virgiliano,
691 3896 755 3936 non
778 3872 853 3934 bene
875 3873 954 3959 npae
973 3873 1133 3956 creditum

60 3994 94 4043 et
114 3979 270 4044 indefessi
292 3980 514 4045 advocabant:
526 3982 645 4069 Ecquis
656 4003 734 4042 nam
746 3977 839 4041 ludus
858 3980 893 4042 in
914 3978 1037 4041 undis?
1061 3981 1131 4045 Ob·

56 4086 173 4166 jicient
203 4087 256 4150 alii
281 4089 470 4176 parvitatem
498 4088 664 4178 velorum,
699 4104 732 4152 et
762 4085 904 4150 trabium
929 4083 1130 4151 tenuitatem.

174 4193 202 4255 I.
957 4189 976 4250 b
