2686 4830
164 361 209 407 xa
383 310 656 404 rnarlrr'o
686 337 754 404 ro.
783 337 921 405 narr.
949 339 1017 406 ru

164 469 253 530 tione
270 463 507 530 Archillaminis
519 465 623 528 Roma
637 487 732 554 sagax
746 481 778 529 et
791 481 923 548 nasuta,
940 467 957 529 J
959 468 1063 533 ulium
1074 470 1233 541 Medicam

163 571 339 660 intelligat,
355 592 498 658 eumque
511 568 592 632 adeo
606 571 778 657 suscipiat,
795 586 833 634 ut
848 570 958 636 'sidera
978 573 1063 638 inter
1082 580 1232 645 mortales

158 675 375 758 ambulantia,
396 698 464 739 non
479 674 634 754 majorem
649 691 778 740 motura
791 675 856 741 sint
870 677 1167 748 admirabilitatem.

204 783 322 871 Accipe
343 782 443 872 igitur
462 780 573 862 hilari,
585 805 650 869 qua
670 783 826 847 clientum
845 787 1112 850 tuorumxomnia
1130 789 1231 870 soles,

77 966 80 973 Ι
160 887 279 969 fronte,
289 887 522 951 munusculum
530 886 576 976 pii
586 887 723 970 clientis,
734 910 832 975 quem
840 887 1036 977 jampridem
1048 892 1129 957 tanti
1142 892 1231 961 beni·

160 995 265 1083 gnitas
280 1009 335 1057 tua
348 994 438 1075 fecit,
453 1008 491 1056 ut
502 1016 520 1056 a
533 993 665 1056 secretis
677 1016 746 1058 esse
758 996 914 1077 voluerit,
928 1011 960 1059 et
973 996 1070 1062 titulo
1082 1000 1230 1067 familiari

157 1100 369 1165 decoraverit.
380 1099 514 1186 Accipe,
533 1099 688 1186 inquam,
704 1121 838 1164 serenus
851 1123 889 1164 ac
904 1101 1068 1166 exsultans
1077 1103 1229 1177 Flaccum

158 1205 339 1286 Valerium,
362 1204 589 1292 Argonauticae
616 1203 736 1267 Latinae
756 1206 997 1269 vocalissimum
1023 1230 1228 1295 praeconem,

157 1310 283 1374 nomini
304 1327 365 1374 tuo
384 1308 540 1397 peculiari
564 1310 810 1396 nuncupatione
833 1309 996 1391 dicatum,
1018 1328 1057 1376 ut
1076 1313 1228 1381 Virbium

157 1417 391 1507 Hippolytum,
407 1415 447 1479 ab
462 1415 531 1478 orci
544 1414 693 1477 faucibus
717 1413 882 1505 diligentia
899 1434 1009 1481 nostra
1027 1435 1227 1488 revocatum.

154 1526 194 1588 ln
215 1548 282 1612 quo
300 1541 350 1589 tot
365 1522 510 1602 mendae,
525 1521 647 1602 liturae,
657 1522 796 1603 calvitia,
808 1521 952 1587 defectus
966 1546 1080 1589 verum
1093 1536 1227 1599 sensum

154 1632 369 1711 inverterunt,
384 1644 422 1697 ut
438 1629 572 1692 Flaccus
588 1628 622 1691 in
636 1629 766 1712 Flacco,
782 1629 878 1694 sicuti
894 1627 935 1694 de
948 1630 1079 1694 Samnio
1093 1653 1226 1718 proven

153 1737 280 1815 bialiter
297 1733 536 1815 circumfertur,
552 1750 751 1820 quaereretur
766 1757 828 1798 nec
844 1735 1056 1800 inveniretur.
1074 1732 1225 1824 Orpheus

151 1861 248 1932 poeta
264 1843 413 1917 Graecus,
430 1839 578 1904 Rhodius
594 1840 875 1906 lucubratissimus
892 1858 1023 1923 auctor,
1039 1841 1225 1932 Rhodiique

150 1951 343 2036 interpretes
365 1969 418 2009 me
435 1946 614 2032 plurimum
632 1947 808 2030 juverunt,
825 1948 977 2012 nonnihil
999 1964 1032 2012 et
1050 1947 1155 2013 codex
1170 1971 1224 2015 es·

151 2054 312 2144 stigatior,
336 2073 436 2139 quem
471 2050 642 2114 liberalitas
667 2054 705 2117 R.
730 2053 873 2117 Farnesii
895 2069 1034 2141 utraque
1056 2053 1225 2134 literatura

148 2157 360 2248 perinsignis,
377 2177 476 2242 quem
499 2154 679 2242 principem
700 2155 823 2243 ingenii
849 2180 887 2220 ac
911 2157 1039 2221 virtutis
1062 2159 1223 2246 appellare

149 2267 260 2345 soleo,
281 2261 362 2325 mihi
376 2259 609 2348 perliberaliter
634 2260 772 2341 obtulit,
790 2260 867 2324 lima
881 2263 1055 2350 Pomponii
1070 2264 1150 2329 Laeti
1166 2265 1221 2328 in·

145 2370 260 2448 dustrii
279 2391 316 2433 ac
333 2364 526 2455 perfacundi
544 2364 755 2452 professoris,
768 2367 953 2450 elimatum,
965 2369 1064 2432 alium
1084 2392 1221 2457 quoque

147 2477 257 2543 multis
275 2476 310 2539 in
326 2474 406 2538 locis
422 2494 523 2539 manu
538 2471 677 2535 Fabricii
693 2473 846 2556 Varrani,
869 2475 1023 2562 Episcopi
1042 2476 1218 2559 Camertis',

147 2585 372 2649 emaculatum.
392 2579 637 2665 Adminiculum
650 2601 784 2666 quoque
802 2602 870 2643 non
888 2604 1026 2668 parvum,
1042 2583 1150 2647 attulit
1164 2585 1218 2647 Ja-

146 2690 248 2754 oobus
260 2686 482 2775 Orodryinus,
496 2684 634 2772 scriptor
643 2685 867 2772 Apostolicus,
879 2709 978 2774 quem
990 2689 1217 2772 transmarina,

144 2797 322 2882 Latinoque
333 2815 453 2873 venus,
463 2792 605 2855 laureola
621 2791 795 2856 Parnaside
812 2792 1025 2876 decorarunt,
1037 2795 1148 2859 oblato
1162 2819 1217 2860 co·

47 2936 56 2946 =
143 2903 214 2968 dice
230 2901 368 2982 Dacico,
386 2897 583 2986 uspiciendae
599 2898 814 2986 antiquitatis3
831 2900 968 2987 quibus,
983 2917 1022 2974 ut
1038 2903 1157 2965 Zeuxis
1175 2925 1215 2966 ex

144 3008 277 3073 diversis
299 3003 509 3092 corporibus,
526 3024 642 3085 unam,
660 3018 693 3067 et
709 3003 743 3067 ni
759 3003 864 3091 fallor,
880 3005 1040 3094 integram
1056 3008 1212 3088 formam,

140 3129 172 3177 et
195 3113 369 3179 redivivam
395 3109 570 3199 imaginem
592 3108 735 3173 recidivo
760 3110 874 3175 Flacco
896 3112 1115 3200 praestitimus.

183 3220 247 3298 Tu,
254 3218 332 3281 felix
339 3240 376 3280 ac
383 3217 616 3303 sapientissime
625 3218 787 3304 princeps,
796 3241 917 3282 munus
925 3221 1211 3307 quantulumcum-

138 3347 233 3413 quea
245 3325 299 3413 pio
313 3323 467 3386 clientulo
481 3323 637 3405 oblatum,
648 3324 732 3412 aequi
744 3323 891 3412 bonique
904 3324 1011 3407 facias,
1023 3327 1090 3413 qui,
1105 3350 1209 3415 quum

138 3431 276 3511 majora,
288 3428 458 3516 iniquitate
472 3429 566 3492 sortis
579 3445 611 3492 et
624 3429 724 3493 aetatis
740 3451 822 3509 suae,
837 3453 910 3517 quae
928 3430 1029 3495 donet
1045 3455 1113 3497 non
1131 3455 1208 3521 pos·

137 3537 256 3618 sideat,
282 3557 317 3598 se
342 3534 470 3621 ipsum,
495 3534 664 3622 ingenium
683 3554 798 3614 suum,
824 3533 1036 3618 industriam,
1060 3538 1207 3603 studium

132 3644 270 3723 obtulit,
290 3639 349 3728 qui
374 3639 533 3704 virtutum
553 3655 684 3702 tuarum
707 3641 914 3721 memoriam,
937 3644 1206 3732 praeconiumque

73 3802 76 3807 .
131 3750 314 3836 pollicetur.
336 3746 405 3810 Nec
421 3747 455 3808 in
473 3745 593 3833 pusillo
615 3743 731 3833 magna
751 3763 932 3834 exspectes,
947 3766 980 3812 et
996 3766 1054 3812 tuo
1075 3750 1204 3839 fulgore

126 3855 310 3944 condigna,
326 3853 384 3919 sed
399 3853 500 3917 animi
521 3851 581 3914 tibi
601 3849 790 3919 deditissimi
809 3853 925 3936 fidem,
941 3878 1203 3947 propensamque

130 3962 342 4037 voluntatem.
355 3961 424 4028 Hac
440 3980 501 4046 ego
515 3972 687 4022 contentos
698 3981 842 4047 auguror
855 3984 924 4024 esse
941 3961 1040 4044 deos,
1057 3987 1201 4050 quorum
1218 4012 1232 4035 .,

123 4069 166 4135 in
184 4089 360 4134 numerum
376 4063 534 4146 adscitus,
559 4064 685 4129 utinam
702 4087 812 4149 serus,
827 4069 940 4133 caelum
959 4085 1046 4134 astro
1062 4070 1199 4135 rutilan-
