2686 4830
128 376 178 420 xx
374 355 524 423 PRAEF.
550 357 681 424 EDIT.
708 356 953 426 JUNTINAE.

129 483 194 547 rica
217 483 375 572 compede
397 505 582 567 revocares,
602 487 808 574 revocarique
821 486 1038 567 Florentiam,
1054 485 1096 550 ad
1115 503 1204 552 tuam

127 606 163 654 et
192 589 415 655 studiosorum
445 590 619 656 utilitatem
648 592 919 683 deportarentur,
949 593 1071 681 quibus
1106 594 1205 658 rebus

130 712 291 783 quantum
316 695 469 778 excellas,
495 697 699 762 literatorum
725 714 774 762 est
794 697 970 780 judicium,
997 699 1055 787 qui
1080 697 1206 786 ubique

129 801 296 882 locorum,
309 800 432 889 ubique
446 803 593 892 gentium
606 818 643 868 te
656 804 748 868 illum
766 803 961 892 praedicant,
980 827 1079 892 quem
1096 827 1206 893 graecae

128 922 169 997 et,
194 928 336 970 romanae
374 906 474 970 literae
509 908 760 973 instauratorem
795 909 856 973 sibi
890 909 1134 996 pollicerentur.
1162 913 1207 974 At

130 1009 288 1097 quoniam
313 1010 411 1074 verba
440 1034 508 1075 non
530 1028 712 1101 suppetunt
730 1012 861 1093 animo,
885 1012 1016 1077 laudare
1046 1036 1106 1101 pro
1135 1036 1205 1077 me·
1233 1014 1235 1019 ’

129 1115 216 1199 ritis,
233 1116 420 1205 ingenium,
442 1118 571 1198 literas,
595 1119 813 1205 eloquentiam
839 1135 930 1182 tuam
953 1141 1021 1182 non
1047 1119 1205 1201 conabor,

130 1220 317 1286 'limantem
335 1222 498 1306 imitatus,
514 1240 551 1287 ut
571 1222 662 1311 quod
679 1224 830 1312 penicillo
849 1225 1028 1312 exprimere
1046 1247 1115 1288 non
1130 1248 1207 1313 pos·

131 1349 233 1410 sum,
249 1328 362 1392 saltem
383 1329 457 1393 velo
480 1340 666 1418 contegam.
696 1329 857 1395 Percurro
884 1330 953 1394 haec
979 1330 1120 1410 cursim,
1137 1353 1206 1394 uon

129 1431 284 1499 adulandi
295 1456 390 1498 causa
400 1433 525 1522 (quum
541 1457 609 1498 non
627 1449 691 1498 tam
709 1435 863 1517 solidam,
876 1452 942 1499 tam
955 1459 1063 1499 veram
1075 1435 1206 1500 laudern

130 1554 225 1604 vanae‘
235 1540 492 1628 praedicationes,
503 1565 601 1630 quam
616 1565 674 1605 sua
683 1542 802 1630 cuique
811 1561 897 1608 recte
908 1545 992 1606 facta
1003 1543 1207 1630 conciliant),

130 1645 189 1709 sed
209 1647 287 1710 alios
313 1647 354 1711 ad
378 1647 491 1711 eadem
508 1647 615 1711 studia
632 1647 806 1728 incitandi,
820 1671 858 1711 ac
873 1664 968 1711 tuum
987 1670 1062 1711 cum
1076 1646 1208 1712 Valerio

131 1753 247 1818 Flacco
267 1754 412 1819 studium
433 1753 620 1844 profitendi
641 1753 741 1845 Quod
764 1754 845 1817 mihi
867 1754 1111 1818 hortamentum
1131 1778 1209 1819 sane

130 1855 193 1920 fuit
209 1862 243 1920 e't
257 1856 489 1933 incitabulum,
507 1864 550 1921 nt
555 1856 614 1920 tibi
627 1856 842 1945 nuncupatim
855 1856 1066 1920 inscriberem
1078 1856 1210 1925 hocVa·

130 1962 201 2026 lerii
223 1984 326 2049 opus,
339 1962 484 2043 varium,
500 1964 706 2028 luculentum
719 2010 728 2044 ,
743 1962 895 2052 elegans,
911 1984 973 2027 nec
990 1963 1024 2026 in
1042 1961 1129 2026 ludis
1152 1963 1211 2026 tri·
1228 1973 1231 1976 ’

40 2084 42 2089 ·
131 2067 267 2131 vialibus
283 2069 475 2157 protritum,
487 2084 598 2132 nostra
613 2067 736 2132 modo
731 2092 828 2156 opera
845 2091 1026 2134 excussum.
1044 2069 1111 2166 Qui
1126 2068 1210 2132 liber

131 2182 225 2237 antea
245 2173 442 2264 majoribus,
461 2191 493 2239 et
508 2174 679 2262 pluribus,
696 2197 763 2237 non
791 2173 864 2237 dico
888 2173 1034 2256 mendis,
1048 2153 1105 2238 sed
1128 2196 1209 2261 por·
1238 2191 1240 2196 ’

132 2281 231 2345 tentis
247 2303 285 2344 ac
300 2281 456 2345 monstris
473 2280 634 2363 scatebat,
647 2280 768 2368 quibus
782 2278 934 2343 tollendis
951 2302 1037 2342 unus
1052 2280 1210 2343 Hercules

132 2388 208 2451 satis
225 2387 302 2462 fuit,
321 2387 572 2452 Bartholomaeus
585 2386 726 2466 Fontius,
741 2386 829 2450 varia
842 2386 1028 2474 linguarum
1043 2378 1210 2449 literatura

134 2493 282 2557 munitus
300 2510 398 2580 atque
415 2494 611 2579 instructus,
640 2493 693 2557 oui
717 2492 832 2582 ingens
857 2493 957 2591 gratia
976 2490 1124 2556 habenda
1143 2508 1209 2573 est,

133 2621 237 2685 quum
254 2598 287 2660 in
306 2574 548 2664 adolescentia
540 2622 573 2696 ιιι
592 2621 630 2662 eo
641 2597 839 2687 corrigendo
853 2599 1033 2686 plurimum
1044 2596 1211 2685 laborave-

28 2730 32 2739 ·
128 2704 200 2787 rit:
218 2704 319 2768 modo
346 2706 434 2768 enim
455 2704 576 2768 saniori
603 2726 661 2792 per
687 2719 813 2768 aetatem
839 2703 997 2783 consilio,
1024 2680 1210 2766 doctissima

133 2810 400 2897 interpretatione
419 2811 510 2875 huno
529 2809 795 2874 candidissimum
814 2791 944 2898 poetam
959 2807 1000 2871 ab
1015 2807 1131 2889 injuria
1149 2833 1209 2872 au·

135 2913 223 2979 dacis
238 2915 373 2980 inscitiae
396 2915 573 2980 vindicavit
588 2939 595 2980 ι
613 2915 776 2979 salebrosa
799 2915 956 3003 levigans,
972 2913 1110 2979 obscura
1131 2914 1208 2978 illu·

135 3031 257 3104 strans,
277 3023 447 3086 maculosa
458 3005 661 3103 emaculans,
687 3040 786 3137 qnam
802 3020 982 3110 elegantem
1001 3036 1033 3084 et
1049 3019 1209 3084 eruditam

133 3127 454 3214 interpretationem,
472 3148 539 3189 una
563 3148 639 3190 cum
661 3125 730 3188 aliis
754 3125 823 3205 ejus
846 3124 1115 3189 lucubratissimis
1138 3124 1210 3210 opi-

133 3350 258 3419 ὀρχιῖσθι,
270 3347 313 3400 καὶ
333 3351 464 3419 σκιρτᾶτε,
477 3349 519 3402 καὶ
533 3349 664 3419 χοριυιτι,
679 3353 853 3426 postquam
874 3335 975 3400 nitida
994 3320 1099 3399 Flacci
1115 3336 1211 3399 datur

133 3467 190 3508 ora
210 3445 312 3525 tueri,
332 3467 370 3508 ac
389 3468 479 3509 veras
496 3467 591 3509 voces
613 3442 735 3507 audire.
756 3445 915 3505 Caeterum
932 3441 1096 3505 Valerium
1120 3442 1211 3505 Flac-

134 3572 230 3631 cum,
243 3549 499 3632 milllicbelotti,
517 3549 622 3614 donec
640 3548 761 3628 majora
778 3548 855 3629 tibi,
872 3534 910 3612 ac
924 3549 1058 3611 fortasse
1075 3547 1211 3611 meliora

135 3657 430 3746 emancipabimus,
447 3657 548 3722 veluti
575 3655 765 3753 proludium
790 3652 935 3743 aliquod
950 3653 1069 3717 amoris
1089 3655 1210 3734 nostri,

136 3764 206 3828 laeta
229 3788 384 3854 rogamus
402 3766 509 3828 fronte
531 3763 684 3850 excipias,
709 3785 859 3852 magnam
881 3763 914 3825 in
934 3784 974 3825 eo
990 3762 1211 3848 voluptatem,

136 3871 271 3935 multam
279 3894 389 3936 rerum
403 3871 586 3934 doctrinam
601 3868 874 3957 deprehensurus.
884 3869 974 3948 Vale,
987 3866 1213 3930 benedictum-

134 3999 216 4065 que,
232 3993 295 4042 tuae
305 3965 468 4073 ‘doctrinae
487 3975 690 4059 studiosum,
708 3974 843 4065 perinde
862 3998 899 4039 ac
915 3973 1015 4055 soles,
1031 3996 1112 4037 ama.
