2686 4830
406 360 648 430 AUCTORE
674 363 773 431 Pro.
847 313 850 319 ¹
1091 388 1139 432 xv

63 487 296 568 Macedonico,
314 510 390 550 cum
409 510 471 552 suo
488 490 637 578 reptitio,
654 510 808 577 novoque
828 491 896 552 cive
913 486 1039 554 Catone
1057 493 1142 558 circa

62 593 307 675 Mediolanum,
321 616 398 659 cum
411 595 509 660 Gallis
523 597 717 660 Insubribus
729 612 762 659 et
778 597 884 678 Boiis,
901 597 1026 660 collatis
1039 599 1139 687 signis

64 699 247 781 dimicavit,
271 699 306 762 in
323 722 392 788 quo
408 700 494 765 bello
516 700 629 765 decem
646 701 792 765 hostium
815 701 915 766 millia
938 702 1139 768 ceciderunt.
1200 708 1202 713 ’

64 806 268 903 Quumque,
288 820 328 904 ut
343 806 443 869 refert
458 804 545 870 idem
560 806 685 884 Livius,
707 806 759 870 lex
773 806 879 894 Oppia
894 806 936 871 de
954 808 1143 897 abrogando

63 910 192 980 mundo
215 911 367 976 muliebri
383 913 605 995 ventilaretur,
620 927 735 976 cenna
755 913 912 1002 collegam
929 930 1027 977 suum
1045 916 1143 978 Cato·

62 1000 140 1081 rlem
155 1016 288 1082 Flaccus
304 1016 450 1082 obtinuit
463 1016 603 1104 (frustra
626 1018 788 1082 retinente
806 1019 953 1100 Catone,
969 1035 1004 1083 et
1022 1020 1143 1106 probra

62 1124 96 1187 in
111 1124 301 1206 mulierem,
317 1139 356 1188 ut
371 1124 491 1189 animal
504 1123 725 1208 indomitum,
740 1124 898 1212 jaciente)
918 1146 961 1188 ne
977 1125 1059 1212 quid
1075 1147 1143 1189 ma·

62 1229 168 1293 nonis
188 1229 312 1296 fraudis
334 1245 367 1294 et
387 1229 576 1318 ignominiae
592 1246 801 1295 statueretur.
829 1231 899 1294 Sub
917 1232 1039 1295 Levino
1057 1231 1143 1295 mili·

61 1337 142 1400 tavit
160 1335 315 1413 adversus
342 1335 548 1402 Annibalem.
572 1338 707 1401 Frustra
726 1352 872 1419 conarer,
894 1351 928 1404 et
950 1350 1048 1426 supra
1072 1358 1142 1400 rem

61 1441 225 1522 facerem,
248 1443 276 1507 si
297 1442 493 1507 Flaccorum.
507 1443 712 1507 Valeriorum
727 1442 950 1531 percelebrem
967 1443 1143 1524 familiam,

61 1569 154 1612 casso
176 1565 277 1638 atque
300 1549 389 1613 inani
410 1549 541 1631 labore,
555 1544 737 1638 posteritati
760 1549 1036 1614 commendarem.
1059 1549 1142 1614 Satis

61 1668 192 1719 constat
212 1676 308 1737 eum,
328 1657 385 1744 qui
404 1655 531 1743 primus
547 1656 680 1720 Flaccus
697 1656 739 1719 sit
754 1655 878 1738 dictus,
903 1653 1062 1736 llaccidis,
1076 1655 1142 1720 hoc

62 1777 131 1842 est,
146 1761 307 1852 languidis
329 1785 366 1826 ac
381 1760 643 1850 dependentibus
658 1762 759 1825 fuisse
780 1761 938 1825 auribus:
957 1763 1070 1838 multis
1093 1776 1142 1825 et-

62 1867 153 1931 enim
179 1867 325 1957 corporis
357 1868 435 1931 vitia
456 1866 605 1932 indidere
628 1887 833 1956 cognomen,
858 1883 897 1931 ut
920 1867 1139 1948 Scaurorum,

61 1972 253 2054 Vaciarum,
267 1973 476 2055 Labeouum,
493 1988 525 2036 et
542 1971 576 2035 id
595 1995 698 2061 genus
716 1984 877 2037 sexcenta.
899 1973 1044 2037 Praetura
1059 1996 1138 2062 ergo

60 2078 299 2167 perhonorifice
316 2078 491 2143 deiunctus
511 2093 575 2159 est,
592 2079 627 2140 in
643 2101 709 2166 qua
716 2125 727 2156 ,
743 2080 794 2141 vel
815 2078 931 2142 eaelesti
945 2081 1072 2160 lavore,
1089 2078 1141 2142 vel

60 2183 403 2272 industriapeculiari,
413 2206 578 2248 annonam
591 2183 728 2247 uberem
740 2201 892 2272 expertus
903 2201 969 2267 est;
982 2184 1073 2272 quod
1083 2206 1143 2247 nu·

61 2290 178 2354 misma
188 2290 336 2379 superius
347 2289 542 2355 advocatum
555 2305 708 2371 testatur,
718 2290 753 2352 in
767 2312 835 2377 quo
848 2312 887 2353 ex
899 2290 1036 2354 adverso
1049 2292 1141 2354 Cere·

60 2397 104 2462 ris
116 2396 226 2486 imago
238 2398 353 2461 visitur
365 2398 470 2485 capite
487 2412 663 2477 coronato,
678 2397 712 2459 in
729 2395 823 2474 cujus
838 2396 952 2460 dextra
964 2397 1051 2485 spica
1063 2419 1142 2483 prae·

58 2528 163 2596 gnans
176 2505 341 2594 aspicitur,
353 2524 426 2594 quae
438 2506 575 2569 laxitatis
588 2505 775 2569 annonariae
787 2504 947 2569 indicium
961 2527 1031 2569 esse
1045 2504 1137 2568 solet.

59 2612 289 2678 Decemvirum
313 2613 507 2702 Sibyllinum
527 2627 604 2676 sunt
626 2613 683 2700 qui
707 2610 846 2676 credunt
869 2611 970 2675 fuisse
993 2612 1029 2675 C.
1054 2611 1140 2674 Flac·

35 2743 153 2802 ,cum3
167 2720 286 2808 hisque
297 2719 462 2784 versiculis
474 2719 719 2784 testatissimum
730 2720 865 2801 volunt,
877 2717 934 2805 qui
947 2717 1046 2805 positi
1061 2733 1139 2781 suut

57 2825 147 2915 apud
165 2825 319 2890 eumdem
337 2826 422 2890 libro
441 2827 565 2914 primo,
582 2848 628 2889 vs.
644 2822 682 2905 5,
701 2825 735 2887 iu
753 2824 822 2888 haec
839 2825 960 2889 verba:

201 3004 316 3068 Phoebe,
326 3021 404 3055 mone
412 3003 452 3068 ‚si
463 3003 576 3074 Cymen
588 3001 653 3053 mihi
667 3001 773 3053 conscia
785 3000 852 3052 vatis

200 3093 257 3146 Stat
270 3105 344 3146 casta
358 3091 459 3144 eortina
473 3091 553 3147 domo
565 3128 573 3154 ‚
591 3092 612 3142 si
625 3091 717 3142 laurea
730 3088 809 3159 digna

201 3180 301 3234 Fronte
311 3181 390 3235 viret.

103 3348 194 3432 Quid
214 3372 292 3413 vero
309 3347 481 3435 superbae
496 3370 531 3411 re
546 3347 739 3428 sentiamus,
759 3347 793 3410 in
813 3346 1057 3410 commentariis
1077 3368 1136 3440 ¹¹⁰7

56 3456 131 3520 stris
151 3455 378 3543 expressimus.
394 3455 470 3518 Non
482 3454 584 3518 'valuit
601 3454 750 3534 Flaccus,
768 3469 964 3518 novercante
982 3453 1136 3533 fortuna,

56 3563 254 3649 littoraptus
272 3560 408 3641 acerbe,
427 3575 460 3623 et
475 3558 525 3624 dis
541 3559 753 3647 iniquissimis
773 3577 944 3649 exemptus
961 3559 1134 3640 humanis,

57 3667 149 3755 uperi
175 3683 281 3755 coepto
305 3688 493 3754 supremam
517 3689 651 3731 manum
677 3667 868 3755 imponere,
897 3691 958 3730 uec
984 3683 1136 3730 octavum

58 3796 192 3861 quoque
223 3771 377 3862 perficere
408 3773 527 3859 potuit.
559 3773 659 3853 Cujus
688 3790 826 3836 conatus
855 3772 1000 3861 egregios
1029 3773 1136 3835 mirati

58 3879 169 3963 simul,
187 3895 220 3942 et
236 3878 378 3943 miserati
392 3878 604 3965 Latinos,qui
619 3879 745 3943 fontem
755 3879 901 3957 Latium,
914 3877 1004 3940 unde
1019 3900 1135 3964 aquarn

58 3983 98 4046 ad
122 3984 183 4048 hos
205 4000 304 4071 potus
322 3984 492 4064 hauriant,
516 4006 583 4047 non
603 3983 743 4064 habent,
768 3985 801 4045 in
819 3982 986 4068 publicam
1007 3982 1136 4044 studio·
1242 4059 1244 4063 ¹

60 4112 168 4155 sorum
187 4090 359 4154 utilitatem
377 4114 415 4154 cx
432 4089 604 4180 Apollonio
619 4090 768 4171 Rhodie,
788 4080 949 4178 integram
965 4088 1134 4157 historiam
