2686 4830
820 258 831 291 t

213 364 392 441 JACOBI
411 367 630 436 'MASERII
656 369 1035 448 OCTOSTICHON.
1062 388 1176 436 ιιιιιιιιι

285 498 416 552 Emuucta
428 513 524 568 precor
535 496 698 568 obsecroque
708 514 787 562 nare,

284 585 317 638 Et
327 584 401 637 nullo
413 582 519 638 invidiae
529 582 627 658 olrlitus
639 600 760 650 veneno,

284 675 396 725 Doctam
406 670 552 743 interpretis
565 670 755 735 eruditionem,
766 682 792 723 et

285 759 483 814 Commentario
498 777 585 830 nuper
597 759 717 811 absoluta

283 849 407 912 Rimare,
420 848 449 900 in
459 848 552 901 Valeri
564 866 659 920 poema
673 847 770 900 Flacci.

284 937 391 1002 Quanto
402 936 446 990 hic
456 936 605 1001 schemate,
619 936 647 988 di
656 936 736 1000 boni,
749 933 883 989 enitescit!

283 1025 420 1090 Quantum
431 1025 516 1096 frugis
527 1024 608 1077 hahet
619 1024 788 1097 peritiaque!

284 1110 362 1165 Addo
376 1123 402 1165 et
416 1111 573 1180 munditiae,
587 1111 665 1178 salis,
677 1110 787 1183 leporis!

284 1202 345 1255 Non
358 1200 438 1255 credo
451 1202 558 1254 Latium
570 1202 652 1275 magis
662 1203 807 1265 Latinum,

284 1289 345 1342 Non
355 1289 428 1361 ipsas
439 1291 523 1362 magis
535 1290 635 1357 Atticas
648 1290 774 1344 Athenas.

283 1374 404 1441 Primus,
417 1375 532 1430 candide
544 1377 638 1442 lector,
650 1377 689 1430 ire
698 1378 801 1449 primus

283 1465 329 1516 Est
341 1483 420 1518 ausus
432 1485 480 1537 per
493 1466 542 1518 iter
554 1467 770 1533 tenebricosum,

282 1553 385 1625 Perque
398 1566 519 1626 aspreta,
535 1572 585 1626 per
597 1554 682 1610 invias
695 1555 827 1621 salebras,

283 1640 360 1695 Hanc
371 1653 398 1695 et
408 1642 548 1714 preripere
559 1643 633 1696 Italis
649 1660 783 1695 coronam.

282 1729 402 1783 Heroum
412 1741 443 1783 ut
455 1749 525 1784 nova
535 1750 614 1803 prora
623 1731 812 1784 Thessalorum

283 1817 425 1872 Currentes
438 1817 508 1873 duce
520 1818 625 1873 transiit
639 1820 764 1872 columba

284 1905 336 1958 Per
348 1906 539 1978 Symplegadas
551 1907 702 1978 inviamque
710 1906 833 1977 Tethyn:

221 2032 225 2039 ι
283 1992 327 2047 Sic
340 1993 407 2060 hoc,
420 1995 535 2065 remige,
545 2006 635 2046 vector
645 2006 671 2046 et
683 1993 801 2064 maligna

283 2081 365 2135 Setini
378 2076 465 2149 rada,
479 2095 505 2135 et
518 2100 625 2154 asperas
636 2083 780 2153 procellas,

283 2168 366 2222 Nullo
378 2171 512 2242 naufragii
522 2171 613 2242 legens
625 2170 741 2243 periclo,

281 2256 394 2311 Portum
407 2260 534 2330 perfacile
550 2271 627 2312 tuum
639 2260 750 2313 tenebis.

281 2348 342 2400 Non
359 2347 470 2401 deerunt
482 2349 581 2420 gemini
595 2349 645 2403 tibi
657 2351 776 2402 Lacones
788 2390 796 2415 ,

283 2435 344 2488 Nou
357 2435 440 2489 densa
452 2436 552 2490 Pharos
564 2437 681 2491 emicans
694 2436 792 2490 favilla.

283 2522 367 2576 Visne
378 2536 408 2576 ut
417 2524 525 2578 taudem
536 2523 681 2597 aliquando
692 2525 838 2580 finiamus?

282 2610 331 2666 vis
342 2613 434 2682 paucis
446 2623 476 2665 ut
486 2613 600 2686 apertius
613 2614 765 2686 loquamur,

283 2699 370 2771 Atque
380 2700 520 2773 aenigmata
529 2720 598 2754 caeca
611 2700 781 2754 deseramus?

283 2787 334 2841 Hic
344 2801 384 2842 est
392 2789 529 2861 AEgidius,
539 2791 635 2844 Latina
645 2791 735 2856 Siren,
747 2776 750 2781 Ι

284 2877 334 2931 Hic
347 2891 386 2931 est
394 2877 534 2950 AEgidius,
547 2898 663 2933 canorus
674 2883 733 2933 Aou
746 2919 754 2945 ,

283 2965 337 3032 Qui
349 2967 420 3020 solus
431 2966 495 3038 legit
506 2986 538 3021 ac
551 2967 615 3021 lacit
626 2980 726 3040 poetas.

204 3170 324 3218 Jacoul
351 3174 495 3220 MASERII
521 3175 552 3219 P.
580 3175 630 3220 AD
656 3169 855 3228 PHILIPPUM
880 3176 1077 3224 PULCHRUM

453 3319 836 3391 OCTOSTICHON.

181 3499 312 3552 Fraternae
323 3512 349 3553 te
361 3500 439 3553 crede
451 3502 502 3554 rati
513 3520 575 3555 oum
586 3503 684 3556 fratre:
698 3513 840 3574 patescunt

243 3590 335 3660 ¹Rupes
345 3629 353 3656 ,
364 3589 455 3643 Setino
466 3609 526 3662 quae
538 3592 640 3645 latuere
651 3591 731 3645 freto.

180 3673 278 3727 Totum
290 3678 398 3747 impune
413 3689 487 3748 potes
494 3679 584 3732 Valeri
598 3698 704 3733 cursare
715 3698 879 3753 persequor:

251 3763 355 3816 Ventus
364 3764 461 3830 hebet3
474 3766 533 3839 ripa
544 3779 583 3819 est
594 3767 701 3840 hospita
711 3785 719 3832 ;
733 3769 818 3822 vellus
829 3769 913 3825 adest.

181 3846 319 3921 Quidquid
328 3851 482 3921 Apollineus
491 3854 567 3924 graio
577 3853 610 3906 de
621 3855 726 3926 gurgite
739 3866 812 3909 vates

250 3934 359 4000 Haurit,
374 3949 400 3990 et
410 3940 517 4011 Orphea
529 3960 598 3994 nave
611 3942 735 4006 refertur,
748 3941 841 3996 habes.

182 4021 263 4074 Nocte
274 4022 396 4096 interque
410 4025 457 4080 diu
467 4029 560 4082 volita:
570 4029 619 4082 tibi
629 4041 700 4082 certn
712 4030 802 4082 salutis

251 4113 364 4168 Lumina
377 4117 515 4187 protendet
532 4120 701 4174 Parrhisiana
716 4120 823 4172 Pharos.
