2686 4830
160 338 228 406 AD
258 338 299 404 R.
327 337 427 404 JUL.
454 336 698 405 MEDICEM
722 336 973 408 FLORENT.
1009 362 1132 409 xxxvn

61 448 288 514 Ostenderuut
305 449 397 511 terris
412 448 502 532 hunc
515 449 594 530 fata,
607 471 668 512 nec
686 448 769 513 ultra
786 471 953 537 superesse
970 451 1132 536 siverunt,

60 577 178 644 magna
197 554 323 617 familiae
340 553 493 619 Mediceae
518 568 551 616 et
573 553 693 642 insigni
719 553 818 617 clade.
843 555 945 634 Cujus
969 557 1081 622 laudes
1099 576 1134 624 et

60 658 207 724 foecundi
222 660 323 722 animi
341 659 440 723 decus
453 660 612 749 Angelus,
626 660 792 724 literarum
808 660 981 725 latinarum
997 685 1133 751 parens,

60 768 284 858 copiosissime
299 768 530 855 verissimeque
548 768 687 858 collegit.
708 769 886 857 Quumque
903 771 994 834 avitis
1016 773 1133 860 opibus

60 874 242 937 innutritus
264 889 363 956 esset,
378 889 505 936 tantum
522 873 642 955 abfuit,
658 890 696 937 ut
712 874 840 938 illarum
858 876 989 940 Sireniis
1005 877 1134 943 blandi·

59 979 114 1044 tiis
130 1002 149 1043 a
164 997 253 1044 recto
271 980 348 1043 calle
367 979 635 1067 detorqueretur,
650 995 688 1044 ut
705 981 774 1045 illas
786 1004 914 1071 semper
929 982 971 1046 ad
984 983 1134 1073 benigni·

60 1100 181 1169 tatem,
198 1086 486 1172 liberalitatemque
510 1086 687 1167 conferret,
712 1087 830 1175 hisque
854 1089 1080 1154 honestissime
1102 1107 1135 1154 et

61 1191 97 1253 in
110 1191 278 1278 publicum
292 1191 503 1255 commodum
516 1214 594 1254 usus
604 1191 654 1256 sit.
665 1192 826 1280 Adeoque
837 1194 888 1256 his
897 1194 1020 1258 artibus
1030 1196 1065 1258 in
1079 1219 1136 1260 cae-

60 1296 132 1360 lum
151 1297 212 1361 sibi
231 1297 342 1361 stravit
357 1297 433 1380 iter,
451 1312 503 1378 ut,
515 1296 623 1361 adhuc
635 1314 805 1385 serpente,
820 1315 852 1363 et
869 1300 967 1363 malas
977 1302 1135 1366 vestiente

60 1404 261 1493 lanugine‚a
276 1404 425 1492 pluribus
441 1420 587 1469 maturus
603 1419 636 1468 et
650 1404 816 1492 prudens,
828 1404 868 1468 ab
886 1406 1044 1470 universis
1055 1430 1136 1471 vero

62 1510 178 1599 genius
194 1509 285 1573 urbis
306 1526 561 1598 nuncuparetur.
576 1510 657 1592 Quae
673 1532 769 1574 causa
785 1510 847 1574 fuit
859 1510 1062 1598 (iterandum
1081 1536 1136 1577 ea·

63 1615 140 1679 dem
150 1616 211 1679 ista
224 1616 324 1704 mihi)
341 1633 379 1679 ut
391 1618 459 1697 ejus
474 1639 567 1680 casus
579 1616 773 1704 improvisus
784 1632 817 1680 ct
830 1617 982 1697 acerbus,
999 1633 1037 1679 ut
1047 1619 1075 1681 si
1086 1621 1136 1683 sol

63 1744 104 1784 ex
121 1722 198 1784 caelo
220 1720 411 1804 decidisset,
428 1738 551 1802 totam,
565 1723 623 1786 ubi
643 1721 819 1811 regnabat,
837 1722 1017 1786 funestaret
1036 1723 1136 1787 Etru-

63 1826 157 1890 riam.
177 1826 241 1891 Sed
257 1826 338 1914 quid
360 1827 445 1916 ago?
462 1827 543 1915 quid
560 1826 699 1890 molior?
717 1825 808 1908 Quid
822 1827 971 1914 experior
983 1827 1089 1912 jejuni
1105 1845 1138 1893 et

62 1932 193 2021 angusti
203 1933 267 1996 oris
277 1933 598 2020 oratorib'ingulares
606 1955 642 1994 ac
651 1933 774 1995 eximiae
782 1931 1079 2019 corporisetanimi
1088 1935 1138 1997 tui

63 2036 157 2103 dotes
172 2038 250 2103 illuc
266 2061 317 2102 me
334 2054 471 2120 vocant,
486 2037 544 2102 ubi
557 2037 720 2101 difficilius
735 2053 783 2101 est
794 2038 916 2101 exitum
934 2062 1032 2126 quam
1048 2040 1139 2127 prin·

62 2144 187 2233 cipium
203 2144 359 2214 invenire.
382 2144 414 2208 Si
431 2143 519 2206 bona
542 2145 706 2230 corporis,
734 2166 806 2230 quae
830 2143 919 2207 Paris
944 2145 1137 2209 Homericus

63 2250 205 2340 gloriosa
227 2252 343 2332 vocat,
372 2251 519 2333 emetior,
551 2265 708 2312 staturam
738 2248 947 2336 quadratam,
976 2267 1008 2313 et
1038 2253 1138 2316 totins

63 2356 210 2445 corporis
227 2355 317 2419 filum
331 2357 485 2437 liberale,
504 2354 680 2431 decorum,
694 2355 902 2443 gravitatem,
917 2357 1136 2440 majestatem,

64 2484 161 2525 canas
181 2463 216 2525 in
234 2479 326 2526 aetate
347 2462 442 2526 viridi
460 2461 689 2551 cogitationes,
706 2461 867 2525 continuo
884 2485 987 2551 genus
1011 2463 1138 2527 obstre-

63 2568 136 2656 pit,
160 2591 197 2631 ac
219 2567 373 2631 Mediceae
398 2568 525 2631 familiae
551 2567 717 2650 nobilitas,
738 2590 802 2654 qua
821 2562 911 2631 nulla
929 2591 1076 2657 unquam
1102 2570 1138 2633 in

64 2673 158 2737 terris
177 2673 255 2737 vixit
278 2673 466 2762 augustior,
489 2673 705 2753 fortunatior,
721 2671 850 2753 fortior,
870 2673 1038 2755 illustrior,
1057 2674 1139 2738 libe·

64 2780 180 2859 ralior,
197 2779 239 2844 ad
257 2779 416 2844 virtutum
443 2778 592 2843 omnium
614 2777 802 2866 praesidium
831 2779 1014 2866 promptior
1040 2796 1139 2868 atque

64 2885 249 2974 benignior.
265 2885 397 2950 Carmen
412 2899 504 2949 amat
514 2886 649 2973 quisquis
665 2885 804 2947 carmine
819 2884 919 2971 dagno
928 2888 1023 2971 gerit.
1039 2886 1140 2950 Vide·

64 2986 146 3050 bant
169 2988 292 3051 Heroes
320 2987 450 3074 inclyti,
472 3008 572 3074 seque
597 2985 683 3073 ipsos
709 2984 920 3048 advertebant
943 2985 1030 3067 solos
1059 3008 1138 3069 csse,

65 3110 99 3158 et
115 3111 270 3182 praeterea
287 3095 473 3175 nemiuem,
491 3094 548 3179 qui
563 3116 639 3156 vera
657 3092 758 3183 gloria
776 3106 1004 3172 coruscarent,
1020 3091 1140 3157 virtute

66 3200 255 3283 rutilarent,
281 3201 437 3289 sapientia
468 3214 699 3262 aurescerent:
726 3219 892 3285 praecones
915 3196 1044 3271 virtutis
1072 3221 1141 3263 esse

65 3322 177 3394 poetas
195 3323 228 3371 et
243 3323 404 3388 oratores,
419 3329 561 3394 quorum
576 3306 672 3369 turba
687 3318 794 3367 tranat
806 3302 959 3379 flumina,
974 3302 1052 3393 juga
1064 3306 1141 3369 Mu·

65 3434 177 3475 sarum
203 3429 346 3499 pennato
372 3411 475 3501 gradu
500 3411 692 3493 transvolat,
717 3426 809 3474 terrae
834 3433 871 3473 ac
897 3409 965 3473 caeli
986 3411 1141 3498 pomoeria

65 3537 242 3609 pertonat,
260 3519 371 3583 sedem
393 3543 430 3584 ac
454 3520 565 3583 locum
590 3518 736 3583 stabilem
756 3517 948 3581 nonhabet.
976 3520 1140 3601 Herculis,

66 3627 226 3716 Augusti,
239 3625 431 3708 Alexandri,
458 3624 685 3689 Themistoclis
715 3625 880 3711 exemplo,
899 3624 1084 3686 aeternitatis
1110 3640 1143 3687 11

66 3734 160 3797 famae
173 3734 380 3821 praeconibus
396 3732 494 3796 unice
505 3732 666 3796 favebant.
683 3731 742 3794 His
761 3731 849 3794 enim
866 3728 1011 3818 angustis
1031 3729 1141 3812 metis,

69 3865 148 3929 quas
166 3841 264 3905 nobis
282 3857 397 3904 natura
420 3839 461 3903 ad
478 3837 654 3902 vivendum
680 3837 790 3919 dedit,
819 3859 887 3900 non
911 3849 1046 3920 potuere
1073 3858 1142 3900 esse

70 3947 225 4011 contenti.
247 3947 275 4010 Ο
294 3945 403 4011 divina
418 3944 465 4022 vis
482 3943 623 4033 ingenii,
640 3940 808 4031 quomodo
826 3939 1007 4027 priscorum
1027 3938 1144 4004 decora

70 4052 215 4117 virorum
230 4075 397 4141 superares
415 4050 611 4140 excogitasti.
628 4049 763 4114 Accedit
781 4046 822 4110 ad
834 4045 993 4110 felicitatis
1008 4062 1143 4111 11111111-
