2686 4830
21 370 29 382 '
132 390 192 435 xtv
236 412 239 421 ·
388 369 506 437 VITA
527 370 736 440 VALERII
768 365 969 447 FLACCI,

131 515 214 556 num
238 493 368 559 dicunt:
382 518 455 583 quac
477 496 593 562 eodem
616 520 706 561 nunc
728 516 863 583 quoque
885 492 1021 555 nomine
1042 507 1209 561 censetur:

131 598 210 662 vino
226 599 397 664 nobilitata
415 622 592 690 generoso,
607 600 697 666 haud
712 599 828 690 procul
844 597 986 662 Velitris.
1111 680 1113 687 s

174 703 244 793 Ego
254 724 333 768 vero
344 726 496 794 magnam
507 706 749 796 'elegantissimo
758 718 862 793 poetae
874 701 1045 768 conflatam
1056 702 1210 783 injuriam

129 809 223 899 ferre
233 832 299 873 non
319 833 472 898 possum,
485 813 543 900 qui
559 836 664 900 quum
680 833 834 876 romanus
855 810 932 874 civis
949 810 1007 891 sit,
1028 809 1134 898 capite
1151 809 1212 874 de-

133 916 307 998 minuitur,
326 934 358 981 et
386 917 421 980 in
452 919 628 1007 municipia
657 919 739 983 falso
766 917 1003 999 transcribitur,
1025 917 1117 1005 quod
1143 920 1212 982 fato

131 1021 276 1110 quodam
291 1022 453 1101 secundo,
466 1024 546 1089 dum
560 1025 621 1088 ista
635 1023 820 1104 meditarer,
834 1023 869 1085 in
883 1022 1007 1112 oppido
1020 1023 1212 1088 Ruscinone

131 1151 228 1193 senex
236 1127 523 1219 indigena,oblato
532 1135 721 1219 pervetusto
732 1129 1212 1217 numismate,exploratissime

131 1233 284 1299 ostendit.
296 1236 333 1299 C.
344 1235 413 1300 Val.
424 1236 530 1299 Flacci
540 1236 669 1315 juvenis
680 1252 713 1299 et
723 1233 869 1323 praetoris
880 1250 949 1299 erat
959 1233 1098 1324 effigies,
1112 1251 1151 1299 ut
1169 1257 1212 1299 cx

131 1340 226 1404 titulo
246 1340 540 1424 demonstrabatur,
560 1342 675 1431 capillo
691 1341 880 1430 subcrispo,
902 1340 968 1405 oris
988 1337 1048 1408 filo,
1061 1341 1209 1430 ingenuo

131 1471 168 1512 ac
186 1448 352 1543 virginali,
369 1449 526 1537 adspectu
541 1428 673 1540 vegeto,
695 1472 763 1513 non
791 1450 870 1514 citra
894 1447 1061 1513 modestiae
1084 1464 1211 1515 notam.

132 1553 272 1616 Humeri
289 1553 430 1634 habiles,
452 1570 485 1618 et
502 1554 669 1641 quadrati:
690 1555 798 1618 cervix
818 1554 981 1635 torosula,
1002 1556 1211 1639 succulenta3

131 1680 199 1720 non
218 1659 360 1746 pinguis.
379 1659 497 1722 Pectus
516 1681 584 1722 non
603 1659 811 1747 improbum,
828 1681 888 1722 nec
907 1659 1152 1741 ostentationis,
1171 1676 1213 1724 ut

130 1763 255 1827 Plinius
276 1765 338 1845 ait,
354 1780 550 1852 pectorosae,
565 1781 603 1829 ut
624 1764 750 1829 consilii
774 1781 806 1829 et
831 1764 1017 1846 modestiae,
1033 1765 1076 1828 ita
1098 1766 1210 1830 conti·

107 1852 111 1864 ⁴
130 1869 237 1932 nentis
255 1869 425 1933 alacritatis
444 1869 554 1934 index.
575 1870 709 1959 Singula
731 1869 972 1960 perpendentes
994 1871 1210 1936 commodum

131 1974 381 2037 exclamavimus
394 1996 454 2064 ego
471 1991 503 2038 et
517 1976 678 2039 Romulus
690 1977 872 2057 Amasaeus,
887 1999 1055 2040 musarum
1071 1976 1211 2041 Pancra-

130 2079 240 2143 tiastes
252 2079 405 2168 insignis,
414 2103 513 2167 quem
520 2082 727 2145 Platonicum
740 2103 881 2170 cycnum
892 2082 1092 2148 familiariter
1100 2081 1212 2148 dicere

129 2183 237 2265 soleo,
249 2184 300 2251 vir
310 2200 448 2277 utraque
459 2187 572 2276 lingua
585 2186 811 2264 doctissimus,
827 2189 912 2259 inter
926 2210 1095 2252 musarum
1108 2187 1211 2254 duces

129 2289 227 2378 primi
241 2289 387 2383 subsellii
400 2294 576 2382 professor,
591 2294 618 2357 si
631 2294 796 2381 leporem,
808 2293 907 2374 sales,
921 2292 1158 2375 eruditionem,
1171 2318 1210 2360 ac

131 2397 352 2484 eloquentiam
372 2399 531 2480 excutias,
550 2401 585 2463 in
612 2417 644 2464 te
668 2423 739 2484 uno
764 2401 799 2464 in
825 2422 996 2464 causarum
1020 2400 1209 2490 patrociniis
1231 2439 1240 2445 -

129 2502 226 2592 longe
251 2504 422 2591 primario,
444 2506 584 2593 politicis
608 2506 773 2588 moribus,
793 2506 981 2595 cognitione
1001 2507 1112 2596 legum
1138 2530 1209 2572 non

69 2654 70 2658 ,
129 2610 270 2697 vulgari,
285 2612 506 2711 nec.protrita
522 2609 603 2694 fide,
623 2634 660 2675 ac
678 2611 846 2675 sanctitate
867 2632 1000 2676 morum
1022 2630 1125 2702 prope
1150 2614 1208 2678 So·

130 2715 265 2795 cratica,
279 2731 317 2778 ut
334 2716 366 2778 in
381 2717 469 2809 viva,
484 2740 521 2781 ac
538 2716 674 2804 spiranti
692 2715 851 2807 imagine,
864 2715 1035 2806 pervideri.
1051 2719 1097 2782 Te
1112 2740 1207 2783 nam-

130 2843 195 2907 que
206 2869 215 2902 ,
227 2821 277 2885 vir
291 2822 571 2910 praestantissime,
585 2845 763 2887 consensus
781 2822 892 2910 patriae
909 2823 1064 2911 peculiari
1083 2846 1208 2914 cogno·

132 2944 244 2993 mento
266 2943 443 3015 patronum
467 2929 607 2993 veritatis
635 2929 783 3017 appellat.
801 2930 876 2992 Tibi
901 2929 1048 3018 corporis
1071 2930 1207 3020 insignis

130 3055 167 3104 ac
198 3034 331 3120 quidam
358 3033 541 3097 senatorius
565 3032 674 3098 decor.
696 3034 771 3098 Tibi
795 3036 976 3098 forensium
1001 3035 1123 3100 ducum
1147 3059 1207 3099 an·
1240 3086 1242 3090 >

129 3140 317 3229 resignano,
342 3141 440 3229 longe
474 3139 617 3228 suppetit
644 3139 738 3203 labor
760 3140 795 3203 in
812 3140 968 3230 negotiis,
987 3140 1145 3205 lortitudo
1171 3142 1206 3204 in

129 3246 298 3339 periculis,
315 3244 475 3309 industria
504 3245 538 3308 in
568 3245 714 3335 agendo,
738 3246 881 3310 celeritas
915 3247 950 3309 in
982 3246 1206 3330 conficiendo,

129 3353 302 3435 consilium
324 3352 362 3414 in
385 3351 607 3439 providendo,
628 3354 662 3417 in
686 3352 817 3417 tuendis
841 3353 1013 3418 clientibus
1035 3349 1206 3442 singularis

130 3476 164 3523 et
182 3457 370 3548 praestabilis
389 3455 484 3535 fides,
502 3482 613 3523 rarum
631 3460 665 3521 in
684 3459 748 3524 hoc
764 3459 903 3525 artificio
921 3460 1058 3523 bonum.
1076 3460 1120 3522 Et
1132 3461 1206 3547 quis

130 3565 265 3654 ambigit
279 3564 484 3628 Valeriorum
501 3565 692 3629 Flaccorum
711 3566 865 3631 familiam
884 3567 984 3629 fuisse
1001 3566 1207 3630 Romanam?

130 3693 229 3758 quarn
241 3693 259 3733 a
272 3669 397 3733 Sabinis
408 3671 534 3734 venisse
548 3671 666 3735 Fabius
681 3671 790 3735 innuit
804 3671 893 3762 apud
906 3694 1006 3759 quem
1021 3693 1060 3734 ex
1071 3671 1205 3735 Valesiis

128 3776 232 3840 factos
248 3796 317 3838 esse
333 3775 479 3840 Valerios
497 3777 646 3867 legimus.
662 3777 702 3840 In
719 3777 838 3865 quibus
849 3768 889 3840 ¹12.
906 3776 1054 3840 Valerius
1071 3775 1208 3840 Flaccus

131 3881 263 3946 Catonis
295 3883 430 3947 senioris
460 3883 583 3947 amicus
614 3885 880 3963 connumeratur,
899 3883 956 3970 qui
979 3904 1055 3945 eum
1082 3903 1122 3944 ex
1136 3883 1205 3945 Tn-

131 3987 228 4050 sculis
243 3988 277 4050 in
293 3989 409 4069 urbem
421 3990 563 4063 Romam
577 3991 703 4054 vocavit
713 4038 722 4070 ,
734 4006 766 4052 et
779 3989 949 4071 instruxit,
960 3995 999 4052 ut
1011 3987 1204 4052 Plutarchus

130 4092 236 4167 docet,
263 4093 354 4170 Idem
379 4097 511 4186 consul,
525 4112 658 4167 auctore
680 4097 789 4177 Livio,
807 4096 892 4160 libro
914 4112 1031 4185 quarto
1053 4094 1095 4158 de
1119 4094 1204 4159 bello
