2686 4830
136 360 235 406 xxm
294 298 442 404 rear.
470 335 843 404 menusanum
872 333 1041 402 lacon.

134 462 268 547 das„de
288 462 503 549 Palladiisque
523 462 676 543 navibus,
697 463 819 549 quaein
837 461 1011 528 Academia
1032 462 1206 527 Parisieusi

132 570 279 659 plurimae
293 583 388 649 sunt,
402 567 553 656 primitus
565 578 785 630 constructam
798 567 901 657 probe
913 566 1043 656 dirigas3
1053 568 1087 630 in
1101 590 1206 655 eaque

132 691 227 738 natus
243 675 285 737 sis
302 672 395 755 urbe,
408 673 500 751 cujus
515 672 654 761 insignia
666 671 823 754 ferantru,
835 673 925 737 navis
936 673 1073 760 pulchre
1082 673 1206 737 instru-

131 796 192 846 cta.
210 779 354 844 Proinde
374 780 476 843 vellus
497 778 650 842 referenti
671 779 780 843 sinum
800 779 906 867 aperi,
928 779 1095 869 longoque
1113 777 1205 845 fluxu

129 886 303 977 impulsam
315 883 576 974 amplecterezad
590 901 686 949 tuum
703 885 790 948 enim
806 885 967 975 gremium
987 885 1153 973 confugit,
1169 884 1205 949 in

130 1012 198 1080 quo
206 990 379 1055 contractis
390 990 485 1071 velis,
500 989 596 1053 maris
609 1011 722 1054 secura
734 990 896 1078 quiescat,
909 991 1033 1078 integra
1047 1004 1206 1072 servenrr,

129 1096 189 1160 ubi
200 1095 278 1159 litus
296 1094 666 1185 speratplacidissimum
677 1143 685 1178 ,
696 1096 873 1184 piratarum
885 1097 1014 1159 armatis
1033 1117 1207 1186 myoparo-

131 1204 228 1267 nibus
243 1203 454 1266 inaccessum.
470 1203 522 1266 Tu
540 1202 639 1284 mibi,
657 1201 747 1290 quod
760 1203 956 1291 Argonautis
972 1203 1141 1291 hospitibus
1154 1226 1206 1266 re·

131 1331 240 1372 serant
255 1321 371 1371 secreta
386 1308 537 1394 Thyotes:
554 1323 591 1370 tu
614 1308 719 1395 Lycus
742 1328 793 1390 es,
812 1307 921 1372 nullus
936 1323 1002 1372 toto
1023 1307 1102 1371 milri
1115 1308 1208 1372 litore

84 1396 87 1401 ⁴
122 1417 222 1504 ponti
232 1414 366 1476 Mitior:
377 1428 415 1476 tu
432 1413 531 1495 mihi,
545 1412 635 1501 quod
649 1413 872 1478 AEueaeAnius
882 1462 892 1496 ,
904 1414 1065 1479 bominum
1080 1414 1209 1477 Ptaebt-
1231 1410 1236 1421 ’

130 1543 191 1609 que
203 1518 349 1583 sacerdos
355 1544 368 1598 ,·
381 1519 473 1606 quod
485 1519 592 1607 Ulyssi
605 1510 781 1603 Alcinous3
793 1535 827 1583 et
840 1536 877 1583 ut
893 1542 983 1584 arma
992 1520 1081 1584 navis
1094 1520 1207 1583 omnia

131 1625 232 1690 semel
247 1626 495 1705 concumulem,
510 1640 546 1687 tu
562 1623 643 1687 mihi
664 1647 743 1689 aura
761 1641 933 1713 parentum
950 1624 1135 1690 dulcissima
1151 1623 1209 1688 de·

131 1731 264 1812 stituto,
285 1730 427 1818 sinuque
456 1729 594 1811 sororis,
618 1753 637 1793 a
663 1748 759 1819 partu
788 1730 888 1796 modo
920 1730 1071 1810 sublatae,
1089 1746 1209 1818 praeter

131 1857 222 1926 spem
238 1836 388 1917 excluso,
403 1821 586 1899 firmissima
602 1857 636 1900 es
659 1836 817 1918 anchora,
831 1835 873 1900 ad
889 1836 981 1917 cujus
997 1835 1208 1918 coronidem,

131 1944 159 2008 si
182 1943 305 2032 placet,
327 1943 441 2006 funem
471 1943 562 2031 ligari
587 1943 727 2022 jubebis.
755 1944 845 2009 Nihil
867 1944 936 2032 ipse
964 1943 1110 2026 nocebo,
1136 1959 1209 2009 tuta

131 2063 307 2113 contentus
327 2048 463 2111 litorum
478 2048 644 2135 particula.
660 2048 732 2127 Nec
745 2048 843 2113 Parni
861 2050 1008 2113 molestia
1024 2065 1095 2113 tuas
1111 2072 1209 2114 aures

135 2154 298 2236 offendat,
315 2154 342 2217 si
358 2176 431 2241 quae
450 2176 522 2217 mea
545 2168 640 2235 sunt,
654 2154 829 2242 rapientur.
844 2156 985 2218 Tantum
1000 2157 1151 2244 postulo,
1166 2177 1211 2220 ne

132 2260 296 2324 vorticoso
315 2257 437 2339 fluctu,
451 2258 549 2346 vique
565 2273 698 2322 externa
719 2259 861 2322 carinam
881 2259 916 2322 in
936 2275 996 2324 tuo
1016 2276 1116 2349 portu
1136 2262 1210 2327 laete

134 2365 346 2431 fluctuantem
367 2364 464 2428 obrui
483 2364 624 2453 patiaris.
638 2364 726 2430 Vale.

158 2577 204 2621 DE
229 2575 351 2621 AEGIDII
378 2574 525 2619 MASERII
548 2576 587 2620 IN
612 2575 692 2635 VAL.
721 2576 889 2623 FLACCUM
915 2577 1188 2624 COMMENTARIIS

227 2701 398 2747 SALMONII
430 2700 584 2747 MACRINI
616 2703 667 2747 AD
700 2702 893 2750 GANDIDUM
925 2704 1117 2750 LECTOREM

431 2819 910 2925 uaunucasrimm.

310 3023 338 3078 Si
351 3023 477 3094 cuiquam
492 3023 582 3076 faciles
595 3025 670 3077 fuere
682 3026 783 3092 Musae,

311 3112 345 3163 Et
358 3129 417 3182 quae
430 3112 574 3184 Cecropias
586 3122 678 3167 tuetur
689 3133 775 3178 arces,

313 3202 411 3252 Rerum
425 3199 459 3252 ad
472 3200 595 3254 notitiam
608 3202 820 3266 reconditarum,

315 3286 342 3338 Si
357 3304 519 3359 quemquam
533 3289 610 3343 dator
621 3291 718 3344 Enthei
731 3292 827 3344 luroris

317 3374 387 3426 Toto
400 3376 510 3428 numine
521 3377 634 3431 Phoebus
646 3378 783 3440 excitavit,
877 3433 879 3437 ,

314 3461 416 3514 Vatum
430 3461 464 3514 ad
477 3463 646 3534 plausibilem
663 3464 880 3536 explicationem,

313 3550 392 3602 Hune
402 3588 410 3613 ,
422 3551 509 3622 jurem
520 3551 658 3624 AEgidium
668 3568 776 3619 meum,
787 3552 834 3607 sed
850 3571 941 3608 unum.

315 3639 391 3693 Illius
403 3639 546 3713 lepidoque
554 3641 704 3713 lloridoque

314 3728 393 3781 Pitho
407 3729 509 3784 sessitat
522 3729 619 3782 efficax
630 3729 658 3782 in
669 3749 723 3783 ore.

316 3817 393 3872 Illius
403 3818 521 3871 Veneres
535 3818 734 3891 Cupidinesque

314 3905 392 3959 Dulci
405 3919 512 3960 nectare
525 3906 646 3960 condiere
659 3907 786 3979 linguam.

315 3994 349 4045 Et
360 4013 395 4047 ne
408 3995 475 4047 forte
486 3992 716 4067 quidimprobum
729 3996 853 4070 loquutus
864 4035 870 4058 ,

316 4080 435 4135 Blandiri
445 4082 537 4136 ridear
550 4102 610 4137 meo
624 4083 726 4149 sodali,
