2686 4830
204 365 249 384 W·
253 366 293 384 ΒΜ
297 367 342 389 Μ
345 367 526 388 mmm
529 368 1220 394 mmmfflmmmmmfflfflmm
1223 374 1233 388 ²
1239 374 1285 394 m

550 511 946 698 renatum

346 814 495 881 AEGID.
521 815 742 883 MASERII
768 817 821 884 IN
846 817 1144 888 ARGONAUT.

576 993 920 1020 -—-=a--—-

364 1146 544 1194 AEGlDlUS
574 1148 781 1195 M'ASERIUS
810 1150 1124 1200 PARRHISIENSIS

405 1288 424 1353 J
432 1287 603 1355 ACOBO
638 1288 706 1355 DE
742 1286 1100 1370 MOLENDINO‚

432 1443 516 1476 SACRAE
534 1442 688 1475 TREOLOGIAE
707 1443 858 1476 rnortmsoat
877 1445 986 1488 extruo,
1004 1446 1057 1477 ³11..

547 1622 939 1656 ...κ-..ομ

209 1772 318 1872 lurra
328 1816 441 1864 nautas
454 1822 575 1888 paucos
586 1799 766 1864 admodum
776 1801 935 1889 reperies,
946 1788 1112 1893 Theologe
1123 1804 1282 1896 insignis,

207 1933 291 1997 quos
301 1908 423 1996 Tiphys
435 1906 612 1970 navarcbos
629 1907 741 1974 volens
760 1907 926 1992 instituat,
937 1931 1040 1996 quum
1056 1932 1201 1994 summa,
1217 1935 1281 1976 nec

207 2039 244 2079 ea
258 2017 396 2079 inventu
411 2013 526 2096 facilis,
541 2012 742 2101 disquiratur
756 2014 933 2097 industria,
950 2015 1161 2106 prudensque
1178 2019 1284 2082 consi·

205 2124 287 2188 lium
306 2122 340 2185 in
361 2142 421 2200 eo,
441 2139 540 2206 penes
558 2141 656 2205 quem
674 2117 853 2207 deligendae
871 2121 987 2184 carinae
1008 2144 1136 2186 summa
1154 2140 1219 2204 est,
1248 2141 1284 2188 et

206 2228 356 2319 regendae
382 2226 568 2314 imperium.
592 2224 626 2288 Si
653 2224 741 2289 enim
772 2248 894 2290 annosa
920 2227 1018 2291 fuerit
1041 2229 1136 2312 ratis,
1155 2229 1281 2294 rimulis

206 2333 356 2397 fatiscens
367 2378 377 2411 ,
388 2327 534 2393 trabibus
549 2342 700 2391 contexta
716 2326 866 2409 cariosis,
886 2343 918 2392 et
939 2329 1052 2418 picatis
1069 2331 1281 2421 negligenter,

205 2451 262 2498 aut
287 2453 456 2521 perperam
482 2429 740 2512 cohaerentibus,
757 2430 991 2519 praesideatque
1015 2432 1185 2522 imperitus
1209 2456 1284 2497 ma·

206 2542 314 2631 gister,
331 2539 384 2602 cui
398 2536 488 2602 venti
500 2551 741 2624 ventorumque
757 2537 911 2601 stationes
928 2561 995 2602 non
1013 2539 1079 2604 sint
1098 2539 1281 2628 exploratae,

206 2648 264 2736 qui
284 2647 371 2709 lunae
394 2665 518 2707 cornua
539 2642 740 2731 orbemque,
765 2659 885 2726 arctos,
909 2662 943 2709 et
964 2645 1069 2709 sidera
1089 2661 1191 2709 noctu
1211 2670 1280 2711 non

206 2753 378 2833 consulat,
398 2749 541 2837 solisque
559 2747 666 2812 radios
687 2749 841 2837 aequales,
859 2752 1017 2833 maculas,
1036 2751 1211 2840 pallorem,
1224 2769 1281 2816 aut

203 2858 364 2949 igniculos
381 2853 617 2943 splendicantes
630 2847 776 2919 interdiu
791 2878 858 2919 non
876 2858 1108 2945 speculeretur,
1123 2881 1280 2946 avesque,

205 2966 328 3055 pisces,
347 2978 380 3026 et
397 2983 470 3049 quae
489 2958 530 3022 ad
549 2981 681 3023 cursum
700 2982 767 3023 non
785 2984 900 3048 parum
920 2962 1044 3026 faciunt
1062 2963 1280 3029 minutissima

204 3069 413 3163 pertinaciter
432 3066 587 3156 negligat,
607 3066 689 3129 nihil
707 3084 823 3154 praeter
848 3083 1028 3133 extremum
1048 3069 1221 3133 discrimen
1243 3071 1278 3137 in

206 3179 295 3244 mari-
306 3189 521 3262 exspectatur.
534 3172 648 3254 Quum
664 3195 741 3237 vero
758 3173 844 3237 illius
856 3174 1055 3262 (cujusmodi
1071 3174 1136 3263 es),
1148 3175 1279 3240 dextera

206 3282 366 3361 succedit,
386 3280 443 3367 qui
473 3300 587 3342 navem
615 3279 748 3343 instruit
769 3280 1009 3368 pulcherrime,
1033 3300 1278 3370 peropportune

203 3390 322 3469 solvit,
346 3386 451 3449 ventis
476 3383 546 3447 vela
575 3383 688 3448 sedulo
718 3384 870 3473 explicat,
899 3407 1018 3473 gnarus
1045 3387 1146 3452 vitare
1178 3389 1277 3453 maria

203 3492 466 3587 prominentibus
481 3491 563 3555 saxis
577 3508 610 3555 et
620 3490 795 3554 latentibus
806 3490 944 3572 vadosa,
958 3515 1025 3555 non
1040 3494 1168 3559 nescius
1178 3512 1276 3582 quam

205 3604 377 3691 frequens,
399 3615 431 3689 et
448 3597 552 3661 multa
572 3597 605 3659 in
625 3596 705 3660 mari
723 3597 832 3660 Siculo
849 3596 1038 3687 Gallicoque
1052 3599 1276 3687 profunditas,

204 3709 232 3774 si
246 3730 314 3771 non
325 3703 485 3786 jucunda,
498 3703 610 3766 saltem
625 3701 728 3765 tutior
743 3718 791 3765 est
808 3703 990 3792 navigatio:
1007 3704 1178 3793 multoque
1189 3728 1277 3768 com·

205 3811 387 3878 mendatior
410 3809 516 3872 navita
536 3805 688 3887 creditur,
715 3805 741 3869 si
762 3829 920 3894 perquam
943 3809 1092 3872 saeviente
1116 3811 1275 3898 procella,

204 3919 384 4005 solutisque
394 3914 510 3979 austris
518 3928 648 3976 ettorve
663 3911 948 3996 debacchantibus,
960 3936 1083 3978 cornua
1095 3914 1275 3999 obvertere,

205 4024 398 4112 complicare
416 4019 561 4097 carbasa,
579 4033 613 4081 et
633 4016 778 4083 secundo
797 4018 972 4084 destitutus
993 4021 1136 4107 zephyro
1153 4022 1274 4108 palmas
