2686 4830
157 357 224 424 AD
253 356 295 423 R.
320 350 422 421 JUL.
450 351 693 422 MEDICEM
721 349 967 422 FLORENT.
1015 379 1126 426 xxxix

51 489 203 553 animum
219 485 378 549 virtutum
394 484 565 566 varietate,
579 484 669 548 velut
690 499 852 547 astrorum
870 485 1072 574 fulgoribus,
1087 490 1128 552 il·

54 592 209 658 lustrasti.
221 592 343 678 Cyrum
350 590 507 653 memoria
516 590 608 653 famae
616 588 759 654 vindicat
767 605 893 652 aeteruae
902 612 910 654 :
920 591 954 654 in
963 606 995 655 te
1004 616 1129 658 memo-

55 699 106 763 ria
120 695 385 785 praeseutissima3
395 693 488 773 cujus
498 695 618 758 virtute
631 694 736 776 felici,
747 693 955 758 subditorum
971 719 1082 780 curas,
1097 715 1130 763 et

56 804 163 868 aliena
187 800 319 890 negotia
341 800 520 888 praecurris.
545 800 772 865 Anaxarchum
800 801 955 888 patientia
980 818 1130 870 aeternat:

58 909 121 972 hac
142 923 180 970 tu
202 905 368 969 fortunam
384 903 564 988 delassasti,
581 921 614 968 et
629 926 728 993 quem
743 905 874 986 jamjam
893 929 1009 971 manus
1035 908 1132 973 datu·

58 1037 137 1079 rum
155 1027 347 1101 speraverat,
361 1011 548 1093 exarmasti,
564 1011 714 1094 stravisti,
731 1012 948 1100 triumphasti.
959 1015 1132 1080 Fortitudo

61 1120 250 1210 principum
265 1117 447 1205 principem
465 1118 540 1180 facit
555 1118 733 1198 Achillem,
762 1117 956 1182 iracundum
976 1135 1084 1184 tamen
1101 1138 1134 1185 et

61 1229 99 1291 in
115 1223 300 1290 Danaidum
315 1222 435 1310 poculo
446 1221 624 1288 bibentem.
637 1224 690 1286 Tu
703 1237 778 1311 post
797 1245 964 1311 oppressas
976 1226 1133 1313 vulpecu-

42 1320 169 1396 ⁸lurum
180 1328 323 1410 insidias,
338 1326 429 1415 quod
438 1329 609 1417 singularis
625 1327 826 1392 fortitudinis
843 1345 893 1392 est
907 1330 1090 1417 specimen,
1102 1348 1135 1396 te

63 1439 173 1526 ipsum
187 1433 362 1522 superasti,
378 1456 483 1521 quum
502 1433 612 1496 omnia
628 1434 749 1522 possis,
767 1449 805 1497 ut
821 1434 994 1499 Christiani
1006 1436 1137 1525 imperii

64 1541 252 1606 moderator
271 1556 304 1604 et
323 1539 453 1623 arbiter,
468 1540 644 1603 honestum
657 1556 784 1604 tannim
797 1540 886 1605 velis.
901 1542 1028 1605 lustitia
1044 1545 1139 1608 Luci·

65 1646 272 1711 feroclarior
287 1644 461 1708 Aristidem
480 1645 591 1708 eximit
611 1645 781 1727 humanis,
799 1660 832 1708 et
856 1646 983 1733 superis
1005 1647 1137 1713 inserit:

65 1764 101 1826 in
120 1777 168 1842 te,
183 1759 474 1824 certertestimonio
490 1757 633 1821 universi
648 1759 775 1846 generis
794 1757 1058 1839 humaui,virtus
1070 1761 1140 1826 haec

66 1866 275 1946 irroboravit,
291 1881 348 1946 ut,
362 1887 440 1953 pace
462 1865 701 1951 praeteritorum
724 1863 1000 1951 praesentiumque
1018 1866 1141 1953 princi·

66 1981 149 2061 pum
166 1970 291 2035 dictum
309 1972 365 2050 sit,
391 1970 500 2032 nullus
515 1969 549 2031 in
564 1969 625 2032 hac
638 1969 758 2032 virtute
774 1969 816 2032 sit
832 1970 1050 2037 excellentior.
1067 1974 1142 2056 Qua

67 2095 107 2142 tu
117 2098 187 2139 non
199 2073 299 2138 modo
313 2090 450 2137 cunctos
459 2073 649 2136 antecellere
662 2072 790 2162 gloriari
800 2090 904 2160 potes,
916 2097 1030 2139 verum
1039 2101 1142 2165 quum

68 2180 224 2246 Bononiae
238 2180 380 2267 legatum
397 2200 487 2266 agas,
501 2179 637 2265 patriam
654 2193 799 2242 nostram
813 2179 874 2242 bac
886 2203 953 2243 uua
961 2183 1081 2248 virtute
1095 2185 1144 2248 fc-

68 2286 254 2351 licissimam
265 2284 415 2360 reddisti,
428 2283 605 2371 praesertim
619 2306 687 2370 quo
701 2284 770 2346 haec
784 2284 964 2349 scribebam
979 2303 1143 2377 tempore,

70 2415 176 2481 quum
185 2390 296 2454 divino
307 2390 443 2453 consilio
452 2390 584 2453 tertium
594 2391 762 2470 Catonem,
770 2389 968 2480 Lycurgum,
979 2393 1144 2479 Solonem,

71 2499 266 2576 Zaleucum,
277 2497 437 2559 Pittacum
445 2495 541 2559 nobis
552 2497 590 2559 R.
604 2494 758 2561 Bernurd.
768 2498 923 2561 Roscium
935 2498 1143 2586 dictatorem,

72 2625 307 2688 summumque
323 2601 563 2689 magistratum,
576 2616 609 2663 et
624 2596 828 2690 prolegatum
844 2625 914 2666 esse
924 2606 1074 2671 voluisti:
1090 2607 1148 2695 qui

73 2708 262 2773 affabilitate
277 2707 470 2782 comissima‚
488 2700 637 2793 aequitate
653 2707 867 2789 libratissima,
877 2707 1018 2793 justitia,
1033 2716 1148 2778 sancti·

75 2832 159 2896 tate,
185 2812 384 2894 seditiones,
407 2811 501 2893 odia,
523 2811 705 2894 latrocinia,
728 2813 914 2900 parricidia,
937 2834 1148 2908 monstraque

74 2921 201 2985 urbana
215 2918 485 2999 inurbanissima,
506 2933 544 2980 ut
557 2918 712 2981 Hercules
728 2919 839 3007 Augiae
851 2921 997 3003 stabula,
1013 2946 1149 2988 conver·

76 3050 166 3108 rere,
176 3028 381 3113 lustrareque
392 3047 460 3087 non
471 3023 642 3088 dubitavit.
653 3026 796 3105 Doctus,
811 3027 987 3112 eloquens,
997 3051 1148 3114 severus,

77 3139 237 3217 clemens,
253 3135 403 3223 princeps
419 3132 461 3196 ad
479 3155 624 3221 unguem
639 3133 758 3215 factus,
773 3134 885 3218 fortis,
903 3150 935 3198 et
950 3137 1150 3224 imperterri-

79 3259 132 3306 tus
150 3242 319 3330 inprimis,
334 3254 446 3328 pastor
469 3238 574 3328 gregis
596 3238 761 3327 egregius,
779 3255 812 3302 et
831 3240 889 3327 qui
905 3243 1045 3307 maxime
1063 3245 1149 3311 vitiis

78 3349 173 3412 irasci
189 3363 315 3435 potest,
334 3345 490 3433 quoniam
508 3344 558 3407 his
578 3344 717 3408 maxime
734 3361 829 3409 caret.
849 3348 888 3409 In
914 3371 981 3435 quo
1007 3353 1150 3438 populus

79 3454 235 3518 Bononiae
258 3453 318 3516 tibi
344 3451 550 3516 concorditer
573 3450 756 3539 applaudit,
773 3468 806 3516 et
830 3471 1005 3537 servatam,
1021 3456 1151 3537 jamjam

79 3575 233 3624 ruentem
243 3558 401 3646 patriam,
422 3556 585 3624 adscribit.
605 3555 670 3620 Sed
679 3556 746 3635 jam
758 3556 848 3620 unde
863 3558 1004 3647 digressa
1021 3577 1088 3643 est,
1107 3586 1154 3626 re-

79 3681 227 3730 vertatur
249 3664 362 3753 oratio,
388 3663 571 3726 Fabricium
595 3664 808 3749 temperantia
831 3664 1012 3746 collustrat,
1034 3666 1154 3751 quain

81 3771 202 3834 virtute
225 3785 262 3832 tu
282 3790 418 3857 regnas,
438 3769 596 3831 Catonem
619 3768 873 3855 Camillumque,
898 3768 1021 3832 nedum
1042 3771 1155 3838 Fabri·

83 3879 189 3958 cium,
204 3877 401 3963 relinquens.
419 3873 482 3938 Sed
492 3875 559 3955 jam
580 3874 675 3937 nimis
691 3876 828 3963 longum
846 3876 975 3962 loquor,
991 3875 1070 3941 dum
1089 3881 1157 3945 sin.

44 3966 53 4041 ’.
84 3984 161 4070 gula
186 4004 408 4062 connumero,
431 4003 503 4068 quae
523 3983 626 4044 fatum
650 3981 841 4068 benigniuS,
862 3996 894 4043 et
918 3981 985 4044 caeli
1008 4005 1156 4052 assensus

84 4088 308 4177 indulgentior
326 4088 407 4151 into
423 4109 528 4149 unum
546 4100 797 4175 congesserunt,
819 4109 886 4172 quo
902 4086 955 4169 fit,
971 4103 1010 4151 ut
1025 4092 1159 4177 appella·
