2686 4830
222 410 304 457 xtra
479 380 811 450 LAURENTIUS
842 382 1034 451 BALBUS

221 516 430 608 optabamus,
453 510 586 596 exsequi
611 532 679 572 non
708 511 832 598 potuit:
856 532 917 600 ego
939 534 1036 593 vcro,
1059 512 1119 575 etsi
1139 512 1289 580 videbam

221 647 306 692 onus
327 620 408 687 mihi
430 616 581 698 difficile,
595 615 753 690 arduum,
767 639 804 681 ac
820 641 838 680 a
854 618 965 682 multis
988 619 1107 682 frustra
1130 636 1291 687 tentatum

220 728 366 820 imponi,
379 722 535 813 quodque
547 722 726 810 plurimum
741 721 861 803 studii,
876 723 1011 804 laboris,
1022 741 1119 812 atque
1135 725 1293 793 cruditio-

221 837 289 917 nis,
313 855 385 921 quae
410 830 444 891 iu
466 850 519 891 mc
537 827 794 916 perexiguam,
817 825 1032 909 desideraret,
1056 846 1164 893 tamen
1185 854 1291 918 quum

222 961 350 1027 semper
356 935 441 1001 votis
453 930 607 997 omnibus
619 931 828 1018 expetiverim
841 931 999 995 studiosis
1009 933 1291 1019 adolescentibus,

222 1044 281 1133 qui
303 1041 345 1105 ad
368 1036 571 1103 humanioris
593 1035 767 1098 literaturae
788 1034 913 1125 fastigia
938 1035 1112 1101 ascendere
1133 1041 1294 1127 concupi·

220 1164 327 1228 scunt,
337 1168 407 1208 mea
417 1156 516 1230 'opera
524 1138 689 1228 prodesse,
697 1161 764 1203 non
774 1140 867 1228 potui
876 1140 1019 1204 laborem
1027 1142 1293 1208 honestissimum

221 1253 458 1341 subterfugere.
469 1246 587 1335 Accepi
603 1246 712 1333 itaque
728 1247 836 1310 statim
850 1247 884 1309 in
899 1270 1015 1311 manus
1025 1248 1191 1314 Valerium
1207 1253 1296 1317 Flac·

222 1385 320 1440 cum,
336 1379 435 1445 quem
457 1354 534 1418 alias
555 1353 676 1416 cursim
698 1368 731 1415 et
754 1352 894 1416 lectione
915 1354 1161 1436 festinabunda,
1180 1378 1295 1420 secure

222 1467 319 1531 nimis
328 1464 524 1540 evolveram3
540 1481 710 1546 quumque
721 1480 797 1521 eum
814 1481 891 1522 cura
905 1459 1091 1542 intentidre,
1106 1461 1295 1526 testudineo

221 1591 292 1641 tum
310 1571 461 1647 demum,
478 1582 535 1629 aut
551 1566 658 1646 aiunt,
674 1587 771 1652 passu
788 1565 946 1654 legerem,
964 1566 1088 1629 offendi
1105 1590 1181 1630 eum
1200 1591 1295 1631 men·

223 1681 358 1758 dosum,
372 1674 587 1752 maculatum,
604 1669 806 1758 squalidum,
816 1672 975 1751 lacerum,
988 1695 1024 1735 ac
1034 1672 1180 1736 luxatum
1193 1673 1294 1756 adeo,

222 1802 340 1851 utnon
354 1803 470 1870 parum
485 1799 538 1841 me
552 1776 701 1863 obsequii
714 1777 796 1855 mei,
814 1792 912 1862 atque
924 1778 1075 1863 promissi
1089 1778 1294 1865 poenituerit:

221 1907 297 1956 ante
317 1887 405 1952 enim
426 1884 606 1973 potuissem
626 1903 730 1945 meam
749 1903 882 1968 operam
901 1881 1014 1945 sinon
1036 1881 1190 1964 honeste,
1207 1901 1296 1948 certe

221 1997 301 2060 citra
316 2013 396 2055 meae
412 1992 504 2053 famae
522 1985 704 2074 periculum
722 2009 858 2075 negare,
873 2004 955 2051 tunc
967 2009 1045 2050 vero
1064 2010 1116 2051 me
1131 1988 1296 2053 anfractus

219 2097 458 2188 labyrintheos,
471 2089 700 2177 Daedaleasque
713 2092 880 2172 tenebras,
893 2108 926 2155 et
937 2092 1088 2182 ambages
1099 2093 1169 2156 sine
1179 2093 1296 2157 Ariad-

221 2229 272 2271 naa
295 2202 350 2268 filo
373 2197 552 2264 sentiebam
570 2195 774 2283 ingressum,
791 2218 853 2258 uec
870 2219 938 2282 quo
957 2213 1051 2284 pacto
1071 2197 1147 2262 inde
1163 2200 1296 2286 possem

221 2309 332 2400 egredi
353 2302 569 2394 percipiebam
582 2323 590 2364 :
603 2301 764 2388 timuique
786 2300 909 2388 aliquid
929 2303 1132 2389 pariturum,
1150 2304 1242 2392 quod
1263 2322 1298 2368 et

221 2416 304 2482 mihi
327 2410 479 2477 dedecori
501 2423 602 2488 esset,
622 2422 654 2470 et
673 2408 962 2490 obtrectatoribus,
981 2410 1039 2496 qui
1064 2432 1193 2498 semper
1217 2427 1299 2475 sunt

221 2520 343 2611 parati,
358 2514 485 2580 ridendi
501 2512 659 2601 praeberet
675 2535 823 2593 causam,
836 2535 912 2576 nam
927 2529 965 2577 ut
980 2514 1157 2602 Sophocles
1176 2516 1209 2578 in
1227 2517 1298 2579 An·

219 2630 331 2718 ligone
338 2623 489 2713 praeclat'e
499 2669 508 2702 ,
520 2631 586 2690 ὅστις
599 2631 744 2700 ἀνωφέλητα
759 2630 855 2700 φυτεύει
865 2629 952 2693 carrd,
962 2631 987 2683 al
1000 2635 1040 2684 τὸν
1054 2626 1080 2682 ‹l’
1091 2631 1120 2684 ἂν
1134 2633 1210 2692 elme
1224 2632 1299 2697 ἄλλο,

220 2744 285 2800 πλὴν
300 2743 367 2811 αὑτῷ
381 2730 690 2807 circumiectarum&
704 2738 780 2788 τοῖσιν
794 2737 910 2806 ἔχθροισιν
924 2737 1010 2807 γέλων.
1021 2729 1180 2791 Caeterum
1190 2751 1298 2816 quum

221 2856 453 2927 cognoscerem
475 2854 525 2896 res
550 2831 666 2894 arduas
690 2854 837 2920 egresso,
854 2832 950 2895 etiam
973 2831 1000 2894 si
1017 2833 1134 2919 optatis
1159 2833 1300 2900 minime

219 2946 353 3009 fortuna
369 2937 582 3027 respondeat,
597 2954 706 3000 tamen
726 2939 776 3000 vel
799 2939 906 3001 solum
931 2937 1147 3015 desiderium,
1163 2939 1300 3005 abunde

219 3050 396 3140 pulchrum
426 3043 600 3108 existimari
630 3042 767 3124 debere,
794 3042 910 3132 pedem
941 3066 1148 3131 nequaquam
1176 3045 1301 3110 referre

221 3152 386 3219 constitui.
407 3150 548 3231 Quaesivi
564 3149 674 3235 itaque
693 3149 853 3212 continuo
874 3148 946 3235 plus
970 3148 1082 3212 decem
1103 3152 1300 3239 exemplaria

223 3259 356 3324 diversis
375 3256 454 3318 locis
473 3256 647 3341 impressa,
661 3277 794 3343 sperans
814 3255 918 3317 multo
937 3255 1018 3316 mihi
1036 3255 1227 3335 adjumento
1243 3259 1300 3322 fu·

222 3383 312 3445 tura,
329 3361 389 3425 sed
408 3359 511 3422 nihilo
535 3362 608 3447 plus
627 3359 840 3423 emolumenti
858 3358 935 3422 inde
954 3362 1135 3448 reportavi,
1151 3382 1250 3449 quam
1271 3367 1299 3427 si

222 3473 271 3536 lac
285 3494 303 3534 e
317 3468 400 3559 gallo
414 3466 588 3555 gallinaceo
603 3467 783 3559 exprimere
796 3464 1026 3530 laborasssem:
1042 3485 1122 3532 tunc
1137 3469 1300 3551 intellexi,

222 3591 378 3668 quantam
395 3594 558 3660 quamque
575 3570 747 3635 dolendam
763 3569 921 3649 jacturam
936 3572 1069 3636 Flaccus
1086 3589 1207 3655 noster,
1226 3597 1301 3638 om·

224 3703 348 3770 nesque
367 3678 526 3742 sermonis
544 3678 684 3740 Romani
709 3675 846 3740 studiosi
867 3677 1021 3759 fecerint,
1038 3679 1073 3741 in
1089 3681 1299 3746 cunctatione

223 3792 348 3870 dicam,
364 3811 406 3850 an
432 3785 540 3874 potius
566 3784 754 3848 crudelitate
778 3784 1004 3848 Phredenandi
1026 3787 1191 3869 riaciani,
1214 3812 1299 3876 prae·

225 3895 365 3985 ceptoris
388 3893 471 3974 mei,
491 3913 661 3978 nunquam
687 3891 763 3954 satis
787 3890 925 3972 laudati,
946 3893 1003 3979 qui
1028 3893 1153 3981 aliquot
1177 3893 1297 3960 abhinc

223 4024 327 4067 annos
351 3997 603 4064 commentarios
632 3996 666 4058 in
686 3997 850 4061 Valerium
877 3998 1030 4064 Flaccum
1060 3998 1296 4064 eruditissimos

224 4106 447 4188 concinnavit,
464 4121 563 4193 atque
578 4125 634 4168 cos
650 4103 809 4170 hactenus
825 4105 860 4167 in
875 4105 973 4170 beato
997 4127 1135 4193 operum
1158 4128 1294 4171 suorum
