2686 4830
383 334 385 338 *
453 335 618 404 aaran
648 286 898 408 attenua.
1104 357 1204 404 nvn

130 468 405 558 reprehensionis
420 457 550 532 aculeos
575 491 643 531 non
669 469 821 533 senserit:
837 480 913 533 nant
938 484 977 533 ut
1003 471 1203 558 antiquiores

132 576 299 654 omittant,
317 575 485 637 Platonem
509 574 698 661 multosque
724 575 802 639 alios
827 574 868 639 ab
888 575 1080 655 Aristotele,
1096 577 1203 663 ipsum

132 681 340 749 Aristotelem
364 680 406 743 ab
433 679 501 743 aliis
528 680 785 767 reprehensum,
805 704 866 745 nec
890 697 1060 771 poetarum
1085 681 1203 764 deum,

131 789 316 851 Homerum
334 784 454 848 invidia
472 786 629 867 caruisse,
645 802 683 849 ut
701 800 824 850 taceam
847 809 887 851 ex
905 788 1024 851 nostris
1041 788 1204 876 Hierony·

132 910 244 973 mum,
256 890 479 980 Augustinum
490 938 499 972 ,
510 893 713 956 Lactantium
725 940 734 974 ,
746 893 962 980 Cyprianum,
975 894 1015 956 ab
1029 893 1107 981 ipsis
1119 895 1205 958 inter

132 1019 167 1061 se
179 1013 277 1086 atque
291 994 332 1060 ab
346 996 414 1060 aliis
428 1011 557 1061 notatos
567 1045 576 1078 ,
586 1020 698 1061 nonne
710 998 903 1061 Laurentius
916 999 1090 1080 Vallensis,
1102 998 1205 1062 horno

132 1126 200 1166 suae
223 1101 421 1190 tempestatis
439 1101 664 1178 latinissimus,
686 1119 718 1166 et
735 1103 856 1166 multos
874 1115 1002 1168 summa
1021 1103 1206 1168 eruditione

132 1224 322 1296 prestantes
335 1207 421 1271 viros
434 1208 568 1288 taxavit,
581 1223 614 1271 et
626 1208 696 1296 ipse
710 1209 795 1272 intra
810 1208 986 1295 praecordia
1003 1231 1071 1273 non
1087 1209 1205 1274 obtusa
1218 1209 1223 1216 “

130 1314 352 1402 posteriorum
365 1313 426 1377 tela
438 1313 663 1401 persentiscit?
675 1316 726 1378 An
736 1315 934 1396 Politienus,
947 1315 1052 1398 Picus,
1068 1316 1206 1380 Hermo·

131 1421 269 1508 lausque
288 1419 447 1483 sermonis
461 1420 553 1484 latini
567 1442 635 1484 non
647 1420 818 1503 vexillarii,
838 1419 895 1484 sed
910 1420 1009 1484 duces
1023 1437 1115 1486 aetate
1130 1444 1203 1503 sua,

88 1606 91 1613 Ι
131 1524 429 1613 importunissimos
442 1524 674 1589 blateratorum
686 1548 814 1589 morsus
827 1543 998 1590 evaserunt
1010 1526 1024 1590 l
1034 1526 1204 1607 Erasmus,

131 1629 243 1712 credo,
251 1647 291 1721 ut
298 1645 346 1694 est
354 1629 507 1694 omnihus
517 1630 694 1719 disciplinis
703 1630 1204 1725 admirandus,nulliusunquam

131 1737 204 1801 telis
234 1752 283 1801 est
311 1736 494 1820 lacessitus,
518 1739 571 1801 cui
597 1738 687 1802 velut
713 1737 832 1826 Hydrae
862 1739 965 1825 capita
975 1751 991 1817 ,'
1006 1737 1204 1802 detractores

131 1841 273 1906 subinde
296 1842 466 1930 pullulant.
482 1843 546 1907 Sed
569 1843 649 1931 quid
677 1844 789 1907 multis
812 1841 917 1931 opus?
936 1865 1034 1906 nemo
1057 1864 1204 1931 unquam

130 1949 195 2012 fuit
216 1947 298 2012 adeo
325 1946 460 2030 doctus;
479 1949 536 2036 qui
560 1970 730 2036 nunquam
755 1949 927 2030 laberetur,
944 1964 977 2012 et
1002 1949 1204 2031 offenderem

131 2048 252 2136 nemo,
270 2054 378 2142 quiin
397 2056 459 2119 hos
478 2078 581 2120 casses
599 2057 797 2145 laqueosque
821 2078 888 2119 non
912 2055 1089 2138 incideret,
1106 2058 1204 2144 quin·

129 2163 219 2244 imo,
233 2162 262 2224 si
274 2183 387 2225 verum
404 2163 498 2226 fateri
513 2163 682 2244 volumus,
697 2185 794 2227 nemo
812 2163 874 2226 nisi
890 2161 1006 2227 doctus
1025 2162 1203 2251 reprehen-

130 2241 320 2350 ditur3inde
330 2267 418 2331 enim
431 2290 544 2332 omnes
555 2269 688 2358 gloriam
698 2269 814 2333 volunt
824 2269 988 2357 aucupari.
1000 2268 1073 2332 Hoc
1086 2269 1204 2334 dixisse

129 2375 272 2463 placuit,
288 2396 330 2436 ne
353 2373 488 2442 credant
511 2376 648 2439 lectores
666 2374 812 2455 candidi,
831 2397 884 2437 me
900 2395 939 2438 ex
957 2375 1089 2463 ingenio
1107 2398 1204 2457 mee,

130 2467 329 2566 Maserium,
344 2486 379 2548 in
396 2481 610 2571 quibusdam,
628 2503 700 2568 quae
718 2503 821 2568 pauca
836 2496 933 2562 sunt,
951 2479 1130 2543 admodum
1146 2503 1203 2544 su·

127 2588 268 2678 gillasse.
284 2592 444 2681 Caeterum
463 2603 501 2651 ut
515 2587 557 2650 ad
575 2586 624 2668 id,
637 2586 727 2650 unde
747 2608 860 2650 sumus
874 2584 1009 2674 egressi,
1023 2583 1204 2664 redeamus,

130 2695 299 2784 Theologe
326 2693 579 2783 sapientissime,
601 2715 662 2782 ego
690 2691 726 2754 in
752 2691 850 2771 hujus
877 2705 981 2779 poetae
1008 2691 1204 2756 carminibus

130 2800 330 2866 excudendis
345 2801 382 2865 id
397 2801 474 2880 feci,
486 2798 576 2888 quod
591 2820 690 2862 nemo
703 2798 838 2861 fortasse
852 2796 988 2860 antehac
1001 2795 1072 2860 fieri
1086 2797 1206 2862 debere

130 2906 373 2990 animadvertit,
387 2907 444 2995 qui
457 2905 519 2970 nisi
529 2953 538 2987 ,
550 2904 608 2968 ubi
621 2904 672 2968 vel
686 2903 771 2991 capti
784 2903 886 2966 oculis
900 2901 940 2965 ab
954 2903 1204 2990 impressoribus

131 3010 275 3077 erratum
287 3028 421 3101 possent
435 3010 592 3091 indicare,
606 3009 688 3072 nihil
699 3008 884 3090 immutavi,
897 3030 936 3070 ex
947 3007 1017 3085 his,
1030 3030 1102 3094 quae
1114 3024 1206 3072 erant

132 3118 166 3181 in
185 3117 360 3207 exemplari
382 3117 547 3196 omnium,
565 3137 637 3201 quae
659 3113 786 3192 inveni,
800 3111 1057 3200 castigatissimo:
1072 3111 1129 3176 sed
1147 3113 1206 3177 ubi

130 3225 184 3289 vel
196 3246 278 3312 ego,
289 3224 340 3287 vel
353 3224 433 3287 alius
448 3220 608 3309 quispiam
620 3238 753 3297 eorum,
766 3216 823 3304 qui
833 3217 867 3279 in
877 3216 1044 3280 Valerium
1054 3218 1205 3283 Flaccum

131 3332 375 3397 observationes
392 3327 583 3407 ediderunt,
601 3323 780 3412 quidquam
795 3322 1023 3411 reponendum
1042 3341 1170 3407 censet,
1188 3349 1205 3391 e

131 3439 266 3528 regione
282 3436 432 3501 dictionis
449 3434 608 3498 adnotate
624 3430 886 3495 emendationem
902 3454 978 3495 cum
989 3432 1131 3495 auctoris
1146 3454 1207 3494 no·

132 3547 221 3611 mine
247 3544 435 3632 ponendam
461 3541 586 3622 curavi,
616 3555 653 3604 ut
679 3539 818 3603 liberum
841 3538 1004 3619 judicium
1029 3538 1204 3603 lectoribus

132 3652 348 3738 relinquatur.

176 3756 294 3822 Caeteri
310 3756 397 3819 enim
415 3774 547 3835 omnes,
562 3751 619 3839 qui
634 3750 700 3815 hoc
713 3773 815 3839 genus
826 3748 948 3836 aliquid
959 3749 1136 3832 dederunt,
1149 3764 1206 3814 aut
1257 3777 1260 3780 ⁴

136 3862 211 3950 quia
224 3861 402 3942 doctiores,
414 3874 472 3923 aut
484 3859 560 3948 quia
570 3857 645 3946 plus
660 3856 722 3920 sihi
735 3855 945 3943 arrogabant,
956 3854 999 3916 ita
1012 3871 1050 3918 ut
1063 3854 1139 3941 ipsis
1152 3856 1207 3919 ali·

137 3967 217 4056 quid
224 3967 383 4055 placebat,
393 3964 564 4053 dispuncta
572 3962 830 4052 priorilectione,
840 3956 956 4023 excudi
964 3959 1127 4041 volebant,
1136 3972 1206 4024 cre-

139 4072 269 4155 dentes,
282 4089 320 4138 ut
333 4094 428 4153 reor,
439 4071 509 4137 fieri
521 4071 629 4136 minus
644 4091 739 4156 posse
749 4116 758 4149 ,
768 4082 806 4130 ut
820 4065 1018 4146 fallerentur,
1031 4087 1068 4128 ac
1080 4088 1116 4129 ex
1133 4087 1209 4153 ope-
