2686 4830
141 386 1199 431 mmmmmvnmwwummmfflfflfflfflw'vwm

288 672 617 807 'errans
667 669 1039 778 onmrrus

285 911 377 981 mn.
403 913 457 980 lv
485 913 554 984 nn
583 912 726 1017 nour.
752 912 856 980 nar.
884 911 988 980 oar.
1014 877 1074 978 66ss

436 1172 439 1177 ·
488 1164 874 1197 ——aece--u

136 1364 197 1468 C.
214 1402 295 1466 Vm.
312 1402 448 1468 Semnus
466 1401 612 1466 Fnsccns
630 1403 808 1481 intereos,
826 1402 883 1489 qui
902 1401 1041 1466 Heroica
1063 1399 1216 1464 decanta·

132 1525 237 1590 runt,
253 1524 350 1597 poeta
372 1508 552 1596 multorum
572 1506 698 1588 judicio
719 1506 939 1575 admirandus.
960 1505 1132 1570 Patavinus
1155 1505 1218 1569 fuit

125 1611 230 1693 juxta
246 1617 401 1702 Aponum
418 1630 531 1695 natus,
545 1630 584 1677 ut
596 1613 793 1678 aVeteribus
810 1611 978 1701 proditum
993 1628 1051 1676 est.
1068 1610 1135 1692 Qui
1149 1611 1217 1690 ejus

129 1720 280 1807 patiiam
303 1719 451 1783 scribunt
470 1718 570 1782 fuisse
593 1719 731 1782 maxime
752 1702 915 1807 insignem
938 1717 1098 1784 natalibus
1116 1716 1216 1789 Livii,

128 1825 247 1890 Stellae
265 1841 299 1888 et
313 1825 432 1889 Valerii
449 1825 565 1888 Flacci.
584 1826 699 1910 ltaque
715 1823 806 1887 hunc
822 1824 932 1910 ipsum
948 1822 1112 1885 Valerium
1128 1820 1223 1884 Mar--

130 1932 225 1995 tialis
236 1930 314 1994 lteris
326 1933 501 1995 Antenorei
515 1929 681 1994 alumnum
692 1929 862 2018 appellavit
871 1951 879 1992 ε
889 1928 941 1992 alii
954 1927 1104 1992 Setinum
1120 1925 1219 1990 credi-

133 2037 282 2118 derunt,
298 2060 338 2101 ex
355 2037 441 2101 Setia
460 2036 644 2124 Campaniae
660 2036 761 2117 urbe,
777 2058 849 2122 quae
874 2034 964 2098 haud
986 2033 1102 2121 procul
1117 2057 1137 2096 a
1152 2034 1218 2097 Ve-

131 2143 223 2207 litris
246 2141 319 2206 fuit.
341 2141 438 2206 Unde
455 2164 575 2232 magno
592 2142 627 2234 in
645 2143 751 2230 pretio
772 2141 882 2205 Setina
897 2142 973 2205 vina
990 2140 1102 2204 habita
1120 2155 1217 2220 sunt,

135 2264 181 2314 ut
202 2245 406 2336 abantiquis
430 2248 642 2337 scriptoribus
666 2249 804 2312 relatum
828 2263 886 2312 est.
911 2247 954 2310 Et
975 2248 1096 2314 mirum
1114 2245 1218 2310 videri

135 2355 261 2439 debet,
280 2372 403 2442 quanto
421 2355 537 2445 spiritu
555 2357 689 2420 Flaccus
707 2358 873 2446 insurgat,
890 2371 1078 2446 quantaque
1095 2354 1218 2443 ingenii

138 2462 294 2526 felicitate
310 2461 345 2525 in
361 2461 535 2527 scribendo
551 2463 694 2526 carmine
709 2478 850 2552 praestet.
867 2463 930 2526 Hic
943 2478 993 2525 est
1005 2461 1058 2524 ille
1070 2459 1219 2523 Valerius

139 2567 294 2649 Flaccus,
308 2568 342 2630 in
365 2569 458 2649 cujus
482 2569 577 2633 obitu
600 2571 741 2633 multum
765 2569 866 2633 fuisse
890 2569 1046 2632 amissum
1069 2565 1218 2654 queritur
1293 2560 1298 2569 ’

142 2674 221 2739 Fab.
239 2674 354 2757 Quint.
371 2675 407 2738 in
424 2675 514 2739 libris
535 2676 577 2740 ad
597 2675 739 2753 Marcell.
753 2676 946 2741 Victorium.
963 2676 1101 2738 Exstant
1116 2673 1217 2762 ipsius

144 2795 218 2844 octo
233 2779 401 2843 volumina
417 2779 458 2844 de
474 2781 717 2870 Argonauticis:
733 2781 824 2869 quod
842 2802 925 2868 opus
942 2781 1021 2844 Caes.
1038 2779 1219 2842 Domitiani

145 2883 286 2950 dicatum
303 2901 385 2962 esta
402 2886 536 2950 Flacco:
549 2886 616 2968 vel,
633 2902 671 2950 ut
686 2886 740 2949 alii
753 2887 887 2966 volunt,
903 2885 987 2974 patri
1001 2885 1216 2972 Vespasiano,

145 2991 298 3076 quoniam
315 2990 361 3054 sic
378 2990 419 3054 ad
437 3013 512 3054 eum
531 2991 565 3053 in
585 2991 652 3078 ipsa
669 2990 791 3079 proefat.
812 2990 919 3079 operis
936 2989 1064 3070 scribit,
1080 3011 1127 3052 vs.
1141 3011 1201 3052 10:

286 3147 364 3218 Eripe
374 3166 418 3198 me
428 3146 551 3218 populis,
563 3159 589 3198 et
598 3147 709 3199 habenti
721 3146 811 3200 nubila
822 3158 907 3205 terrae,

285 3235 381 3288 Sancte
391 3247 464 3305 pater
475 3235 482 3285 l
493 3245 669 3304 veterumque
679 3234 739 3286 fave
750 3232 903 3286 veneranda
913 3234 1019 3286 canenti

283 3323 365 3378 Facta
383 3325 470 3378 virum
482 3343 605 3377 :versam
618 3325 706 3395 proles
718 3336 765 3378 tua
775 3324 874 3395 pandet
884 3323 1016 3388 Idumen,

283 3413 404 3484 Namque
412 3426 499 3486 potest
509 3452 517 3477 ,
528 3415 637 3486 Solymo
651 3415 800 3487 nigrantem
810 3413 921 3486 pulvere
930 3415 1055 3476 fratrem,
1081 3480 1083 3485 Α

284 3503 508 3574 spargentemque
518 3502 588 3556 faces
598 3540 606 3565 ‚
620 3513 646 3554 et
656 3504 685 3554 in
699 3504 773 3555 omni
782 3514 855 3557 turre
865 3504 1007 3556 furentem.
1080 3488 1081 3491 Ἴ

186 3672 374 3760 Scripturus
384 3690 451 3737 erat
462 3674 685 3761 multoplures
695 3674 885 3756 libros,nisi
895 3673 1217 3762 morsintempestiva

145 3797 218 3839 cum
237 3778 332 3841 nobis
349 3776 672 3866 eripuisset.Videtur
687 3795 796 3842 autem
813 3780 848 3842 in
865 3780 938 3860 illis,
951 3780 1009 3865 qui
1023 3795 1217 3868 supersunt,

145 3883 353 3971 Apollonium
377 3883 545 3949 Rhodium
570 3908 638 3948 non
663 3901 857 3975 argumento
883 3901 1010 3949 tantum
1030 3886 1137 3972 operis
1161 3909 1217 3948 ex-

144 3990 381 4074 pressisse,sed
406 4008 439 4054 et
460 3992 594 4079 singulis
615 3992 813 4080 quandoque
832 3990 1041 4054 carminibus.
1063 3992 1216 4055 Atacinus

145 4115 275 4185 quoque
287 4098 390 4163 Varro
406 4098 476 4186 pari
492 4099 586 4162 titulo
601 4097 642 4163 de
656 4097 883 4187 Argonauticis
899 4096 999 4159 libros
1016 4097 1217 4184 composuit,
