2686 4830
22 303 25 307 ’
131 367 199 419 m
270 336 631 428 ramuomuo
656 341 731 416 mr
757 337 1062 418 urceorum

129 508 207 589 que
221 478 492 586 praefationes,
502 507 603 588 quas
614 480 734 577 inter,
749 482 793 557 P.
804 480 1021 559 Burmanni
1036 481 1207 560 secunda

1 661 2 671 ,
129 604 389 712 principalem
420 604 549 682 locum
575 603 749 700 obtinet,
773 622 845 681 etc.

183 826 299 903 Nune
317 842 514 931 superest,
529 841 574 903 ut
593 825 738 903 iterum
760 840 892 931 grates
911 820 1073 932 publice
1094 853 1207 931 agam

129 949 216 1026 viro
227 947 273 1025 cl.
285 947 470 1047 Caussru,
489 946 600 1056 quod
615 977 676 1026 me
692 947 885 1027 doetrinae
899 976 978 1027 suee
991 948 1209 1027 luminibus

102 1126 106 1137 ·
130 1089 211 1149 tam
221 1069 412 1176 benigue,
428 1088 509 1148 tam
523 1069 732 1177 magnifiee
747 1070 963 1177 adjuverit,
978 1071 1209 1181 praedicem-

130 1222 207 1302 que
226 1221 288 1271 me
305 1192 362 1269 illi
377 1191 539 1290 debere,
555 1192 755 1300 quidquid
770 1195 813 1271 in
828 1195 902 1272 hac
918 1222 1020 1273 nova
1034 1194 1210 1274 editione

130 1317 411 1424 conspicuum,
440 1316 640 1425 quidquid
669 1321 890 1396 Doctorum
918 1319 1071 1426 judicio
1099 1349 1208 1398 com-

129 1442 347 1549 probatum
372 1439 582 1519 videatur:
612 1458 735 1549 utque
760 1470 874 1520 suum
902 1445 1045 1551 cuique
1066 1471 1209 1551 repen-

131 1567 240 1665 dam,
251 1569 384 1646 veniat
396 1569 439 1645 in
453 1569 696 1674 praecipuam
711 1566 840 1646 laudis
855 1586 1026 1675 partem,
1043 1569 1075 1646 si
1090 1596 1210 1677 quam

23 1737 25 1742 ·
131 1689 740 1789 merui‚TheodorusDumrue,
755 1691 1210 1797 interinsignesScholae

130 1813 331 1895 Normalis
359 1814 540 1892 alumnos
567 1815 820 1912 notissimus,
849 1842 968 1922 quem
997 1842 1072 1920 ego
1100 1833 1211 1892 tanta

130 1937 357 2018 studiorum
388 1938 665 2046 librorumque
692 1942 1013 2017 'concurrentium
1052 1939 1209 2044 (Valer.

130 2063 200 2141 lib.
222 2064 260 2158 l,
285 2064 354 2167 593
374 2060 444 2138 lib.
462 2061 531 2158 IV,
553 2062 653 2166 562)
676 2062 934 2142 multitudine
958 2057 1004 2141 ae¹
1022 2063 1211 2142 varietate

131 2186 357 2282 districtus,
380 2183 601 2291 dirigendae
625 2186 719 2263 huic
744 2188 1023 2290 Argonauticee
1050 2185 1214 2293 expedi-

131 2312 233 2389 tioni
254 2339 327 2418 per
348 2310 530 2415 Cyaneos
550 2308 718 2387 Critices
746 2327 786 2386 et
806 2310 1103 2416 Typographiae
1127 2340 1213 2389 sco-

131 2435 267 2541 pulos,
289 2463 373 2512 non
388 2431 720 2540 Symplegadibus
741 2433 958 2531 faciliores,
981 2433 1212 2540 preelectum

130 2559 257 2636 volui:
278 2558 342 2636 ille
361 2559 537 2664 primum
561 2576 709 2635 nostrae
730 2557 920 2635 naviculae
941 2559 1213 2664 gubernaculo
1260 2600 1269 2609 ·

130 2681 323 2777 conlisus,
340 2708 471 2758 remos
486 2678 633 2759 deinde
648 2708 740 2759 suos
755 2680 953 2787 expediit,
968 2681 1132 2789 velaque
1146 2711 1214 2760 ex-

131 2802 275 2912 pandit
292 2804 477 2910 propria,
498 2822 543 2881 ut
564 2803 615 2882 ad
641 2822 803 2910 portum
825 2803 1079 2911 perduceret3
1100 2806 1213 2913 cujus

131 2926 285 3006 aditum
305 2944 368 3022 tu,
391 2926 516 3004 lector
540 2926 748 3024 benevole,
772 2928 891 3005 nohis
909 2928 1028 3033 longa
1050 2929 1212 3035 naviga-

131 3053 241 3129 tione
258 3049 421 3128 defessis
441 3051 595 3128 utinam
614 3079 698 3128 non
715 3048 892 3147 claudas,
914 3068 953 3127 et
969 3051 1210 3129 Colchorum

131 3202 223 3280 rege
244 3175 397 3272 mitior,
414 3174 536 3252 vellus
554 3202 717 3265 aureum
733 3175 840 3252 ultro
865 3173 1078 3273 concedas3
1100 3174 1212 3281 cujus

132 3297 295 3406 quidem
305 3237 489 3405 rapiendi
503 3325 632 3406 neque
644 3298 762 3376 nobis
775 3300 949 3398 animus,
963 3327 1092 3462 neque
1104 3328 1212 3404 spes,

132 3450 260 3551 neque
280 3424 340 3521 vis
361 3448 538 3530 unquam
561 3421 648 3500 fuit.

185 3614 285 3709 Vive
312 3649 352 3737 et
372 3631 476 3728 vale,

573 3836 579 3842 ·
696 3839 744 3915 Ν.
774 3839 818 3914 u.
852 3836 1101 3953 unumne,
