2686 4830
224 388 308 436 xxvi
625 366 884 436 PRAEFATIO

221 497 366 586 Ingentis
381 495 528 584 profecto
544 494 657 560 AEneae
673 519 790 584 corpus
807 497 980 560 Charontis
1000 495 1178 559 umbratica
1198 498 1288 561 navis

220 602 383 690 suscepit;
418 623 550 691 gemens
578 601 731 688 quidem,
763 625 824 665 nec
846 619 955 666 tamen
978 603 1070 665 oneri
1094 602 1288 668 concedens.

219 709 298 773 Vela
314 722 441 788 autern,
463 705 583 794 quibus
600 706 685 769 inter
701 706 918 795 navigandum
935 707 1077 788 utimur,
1096 728 1172 770 sane
1189 730 1289 794 quam

219 836 317 903 parva
339 828 437 893 sunt,
462 810 518 874 sed
540 811 645 899 plena.
673 813 794 875 Futura
811 811 949 875 aliorum
964 811 1056 875 facile
1071 811 1191 890 majora
1207 835 1289 876 con·

216 921 309 1000 jicio,
331 918 358 982 si
372 918 468 981 latius
483 916 625 980 fimbrias
642 915 798 980 diducent
809 917 915 980 alieno
927 933 1037 980 auctas
1056 916 1289 1002 additament03

219 1025 277 1090 sed
295 1047 367 1112 quae
380 1023 482 1087 serius
498 1046 595 1110 quam
612 1022 754 1086 mendici
767 1044 877 1110 peram
889 1045 966 1086 aura
982 1022 1159 1086 adventitia
1172 1023 1289 1088 AEolus

219 1131 361 1218 impleat.
382 1129 433 1192 Tu
452 1146 547 1208 vero,
566 1129 593 1191 si
607 1151 626 1190 a
641 1150 738 1215 prora
758 1127 799 1190 ad
813 1128 949 1216 puppim
969 1129 1079 1191 omnia
1099 1127 1185 1206 juste
1207 1151 1290 1192 con·

218 1236 377 1323 spexeris,
392 1233 543 1297 nonnihil
559 1233 643 1296 forte
657 1231 837 1313 discernes,
853 1232 943 1320 quod
959 1233 1141 1322 ingressum
1154 1256 1289 1321 persua·

219 1333 293 1405 deat
304 1390 313 1423 ,
326 1358 358 1404 et
368 1363 500 1404 cursum
509 1340 580 1403 vitae
590 1339 859 1427 compendiosum
873 1340 959 1403 inter
970 1361 1158 1403 numerosas
1173 1339 1290 1404 mundi

218 1447 374 1536 procellas
405 1445 544 1527 adjuvet.
568 1445 654 1508 Velis
685 1446 773 1509 enim
801 1445 964 1534 remisque
991 1444 1144 1509 omnibus
1169 1445 1290 1534 jugiter

217 1553 399 1633 innitimur,
414 1575 482 1640 quo
500 1551 635 1614 celerius
655 1550 845 1614 accedamus
857 1599 866 1632 ,
878 1550 967 1614 unde
986 1573 1089 1639 agnus
1110 1551 1227 1615 missus
1241 1567 1291 1616 est

217 1681 318 1722 aureo
345 1658 462 1722 vellere
485 1656 630 1746 insignis.
653 1656 723 1720 Illic
747 1657 892 1744 supremi
915 1673 964 1720 est
986 1673 1072 1721 meta
1096 1656 1233 1739 laboris,
1256 1673 1291 1721 et

216 1780 304 1828 certa
320 1763 467 1850 requies,
487 1784 559 1850 quae
576 1785 681 1849 quum
700 1762 735 1825 in
758 1762 913 1826 omnibus
930 1763 1101 1850 quaeritur,
1125 1785 1159 1826 se
1182 1763 1291 1828 solum

219 1869 350 1934 delectis
367 1869 412 1932 ibi
429 1869 552 1956 patitur
564 1866 683 1948 rideri3
699 1889 759 1930 nec
773 1890 831 1931 cor
844 1867 1023 1955 quiescere,
1041 1869 1231 1956 priusquam
1250 1890 1291 1932 eo

216 1970 353 2038 ventum
377 1975 447 2055 sit,
463 1996 502 2036 ex
524 1989 557 2035 te
579 1974 755 2039 noscimus.
779 1975 830 2037 Ibi
850 1974 944 2038 litora
965 1976 1143 2064 reperimus
1168 1974 1290 2056 amica,

217 2080 337 2167 quibus
355 2078 455 2142 fessos
479 2078 584 2142 levare
606 2080 751 2160 animos,
780 2097 943 2166 quassatas
959 2097 1042 2145 rates
1060 2103 1232 2167 reparare,
1257 2096 1292 2145 et

217 2184 309 2272 quod
333 2207 372 2247 ex
396 2183 586 2246 brevissimo
605 2199 753 2270 superest
765 2184 898 2265 viatico,
918 2187 1047 2249 suavius
1063 2186 1206 2267 nacturi,
1226 2185 1291 2249 lin·

214 2313 316 2378 quere
330 2288 509 2379 gaudemus
525 2312 533 2352 :
547 2304 651 2376 utque
664 2288 904 2352 nobilissimum
919 2305 968 2352 est
981 2290 1030 2352 tui
1042 2291 1216 2378 Augustini
1230 2313 1291 2353 eu·

216 2397 358 2485 logium,
370 2394 556 2482 inquietum
569 2410 617 2456 est
630 2416 688 2456 cor
698 2393 899 2475 humanum,
912 2393 1018 2459 donec
1029 2395 1070 2459 ad
1081 2419 1156 2459 eurn
1171 2396 1293 2485 veniat,

215 2524 282 2589 prae
303 2501 396 2580 cujus
412 2500 559 2563 bonitate
577 2500 665 2562 nulla
682 2514 732 2562 est
748 2520 863 2587 regum
880 2500 1056 2564 litoralium
1068 2501 1187 2589 gratia,
1201 2503 1292 2566 nulla

215 2607 426 2695 hospitalitas.
454 2607 497 2668 Et
517 2627 644 2668 nerem
662 2620 719 2668 tuo
736 2605 845 2669 studio
861 2605 1030 2694 indignam
1047 2606 1187 2694 proferri
1208 2629 1291 2670 con·

214 2712 315 2793 jicias,
327 2710 418 2799 quod
429 2711 536 2799 poesis
551 2711 737 2774 dulcissima
749 2710 843 2775 nohis
856 2710 1008 2799 effigiavit
1022 2712 1117 2776 velim
1135 2710 1174 2798 (si
1184 2712 1290 2802 lubet)

215 2813 325 2876 divine
354 2827 520 2875 cantatum
545 2812 705 2876 existimes
724 2837 733 2879 z
751 2813 1033 2901 persuadeasque,
1060 2836 1128 2877 non
1154 2815 1290 2878 minoris

179 2932 184 2941 '
216 2941 285 2987 esse
300 2916 468 2983 industriae
478 2915 648 3005 AEgyptias
665 2919 911 3007 superstitiones
924 2920 959 2982 in
976 2919 1189 2983 Christianam
1213 2920 1290 2983 reli·

216 3023 364 3111 gionem,
383 3022 525 3110 poeticas
538 3023 661 3087 fabulas
676 3025 710 3087 in
727 3025 894 3089 veritatem
908 3024 1144 3113 Evangelicam,
1157 3024 1292 3088 menda·

216 3130 265 3192 cia
277 3130 387 3193 Graeca
398 3128 433 3190 in
446 3129 615 3192 historiam
629 3131 779 3212 latinam,
794 3153 891 3218 quam
905 3129 1097 3211 ludibrium,
1112 3128 1290 3217 propudia,

217 3235 375 3314 insultus,
394 3256 592 3322 crucemque
605 3252 638 3299 et
650 3236 795 3324 spineam
809 3258 964 3299 coronam
976 3235 1092 3322 (modo
1104 3258 1214 3298 rerum
1227 3238 1294 3299 col·

217 3341 296 3405 latio
309 3362 400 3427 aeque
412 3338 614 3429 admittatur)
626 3343 661 3405 in
675 3342 806 3407 laudem
816 3343 877 3405 Dei
889 3342 1013 3429 Optimi
1025 3342 1176 3423 Maximi,
1188 3343 1295 3406 hono·

218 3468 307 3526 rem,
322 3461 354 3508 et
365 3445 499 3534 gloriam
512 3445 571 3533 (ut
586 3445 714 3534 decuit)
727 3446 934 3511 convertisse.
955 3448 1166 3534 Compertum
1181 3461 1293 3511 autem

219 3551 279 3614 tibi
289 3566 353 3631 est,
367 3573 465 3638 quam
478 3574 597 3640 magno
609 3569 641 3617 et
652 3552 740 3641 gravi
750 3553 896 3640 periculo
909 3575 998 3616 mare
1007 3553 1073 3616 hoc
1081 3552 1293 3636 immensum,

218 3657 306 3739 leve,
320 3658 521 3739 inconstans,
531 3673 564 3721 et
572 3659 803 3745 procellosum,
815 3659 916 3722 soleat
926 3659 1083 3746 navigari:
1095 3658 1186 3745 quod
1197 3681 1295 3722 mon·

219 3764 292 3826 stris
310 3762 462 3845 infinitis,
483 3763 717 3828 calamitatibus
736 3764 973 3852 aerumnisque,
997 3780 1030 3828 ct
1049 3762 1175 3828 damnis
1188 3764 1295 3828 abun·

220 3867 299 3931 dans
310 3869 583 3949 cumulatissimis,
594 3891 661 3931 non
676 3869 733 3933 abs
745 3892 780 3933 re
794 3870 1019 3951 formidamus,
1030 3870 1094 3951 cui,
1107 3870 1168 3934 sub
1179 3870 1295 3958 primae

218 3974 318 4039 aetatis
345 3975 537 4064 crepusculo
553 3974 607 4037 vix
632 3977 716 4059 nati,
737 3977 888 4065 cymbam
913 3976 1075 4041 credimus
1098 3975 1294 4060 informem,

218 4080 367 4165 sutilem,
380 4098 412 4144 ct
434 4082 564 4168 plenam
581 4080 756 4168 rimarum,
775 4083 837 4148 hac
859 4064 891 4148 et
911 4084 983 4146 illac
1001 4080 1178 4175 fluentem,
1192 4103 1294 4168 quam¹
