2686 4830
220 378 301 426 xnvr
469 349 799 422 LAURENTIUS
832 353 1029 421 BALBUS

220 509 284 576 que
291 482 693 572 interspirationeperlegi3
704 504 786 571 quos
796 504 835 546 ex
843 484 907 566 illa,
917 480 1129 546 tumultuaria
1137 481 1289 564 lectione,

221 591 420 680 compositos
442 587 584 668 judicavi
603 589 644 652 ab
662 589 815 671 homine,
829 591 917 678 gravi
931 587 1063 677 quidem
1086 603 1119 651 et
1141 587 1289 671 erudito,

217 696 275 761 sed
296 716 395 784 quem
416 693 523 781 operis
538 688 731 776 difficultas,
744 694 779 756 in
798 694 995 781 quibusdam
1014 714 1135 773 errare,
1151 693 1187 755 in
1203 715 1290 757 non·

217 802 313 865 nullis
322 822 400 865 vero
411 799 603 862 hallucinari
614 798 742 864 fecerit:
753 822 813 862 nec
825 799 1029 882 mirandum,
1042 798 1175 886 quando
1188 799 1291 863 mulla

216 908 315 988 hujus
330 906 438 970 Poetae
454 906 542 985 loca,
558 903 640 969 adeo
656 922 735 969 sunt
750 905 876 970 inversa
891 907 1099 970 librariorum
1115 928 1173 969 seu
1191 905 1291 970 insei-

216 1018 277 1099 tia,
290 1038 349 1081 seu
361 1015 574 1106 negligentia,
589 1030 627 1078 ut
638 1015 732 1079 Delio
748 1017 789 1080 sit
806 1038 889 1104 opus
907 1031 1067 1080 notatore.
1084 1015 1159 1080 Non
1178 1016 1291 1104 paucis

216 1139 326 1187 tamen
337 1122 506 1186 Valerium
519 1121 653 1185 maculis
667 1121 867 1211 repurgavit,
880 1135 918 1185 ut
932 1122 988 1210 qui
1006 1121 1072 1185 suis
1089 1145 1123 1185 se
1140 1121 1292 1186 ostendat

214 1225 1291 1317 seriptis‚magnapraecellereingeniiacrimonia,gravipraeditum

211 1332 354 1415 judicio,
376 1333 541 1422 longoque
567 1332 746 1397 exercitum
771 1331 900 1410 studi0,
925 1333 1034 1398 literas
1059 1349 1092 1398 et
1119 1332 1234 1397 latinas
1261 1348 1293 1397 et

215 1460 333 1529 grecas
349 1439 480 1504 abunde
496 1438 702 1526 percalluisse
716 1460 724 1502 ε
739 1461 839 1527 quare
857 1438 938 1502 mihi
957 1462 1088 1504 necesse
1102 1439 1167 1502 fuit
1183 1435 1291 1520 loom,

216 1549 335 1638 quibus
350 1547 390 1610 ab
406 1568 446 1610 eo
460 1545 603 1621 discessi,
614 1547 665 1609 vel
678 1546 849 1609 celerrimo
863 1546 1019 1610 adnotare
1035 1542 1130 1635 stylo,
1145 1564 1293 1632 meaeque

215 1653 383 1720 sententie
400 1652 561 1715 rationem
577 1650 708 1714 lecturis
728 1651 898 1738 explicare.
917 1651 1097 1716 Confestim
1120 1673 1199 1739 ergo
1222 1670 1293 1714 ser·

186 1748 188 1753 ¹
215 1781 314 1824 mone
324 1754 592 1836 subitario,horis
602 1753 1067 1836 succedaneis‚annotamenta
1077 1755 1112 1817 in
1124 1753 1292 1818 Valerium

218 1886 347 1929 exarare
372 1862 470 1950 coepi3
494 1860 551 1925 sed
569 1859 704 1923 vixdum
726 1861 924 1925 vestibulum
949 1861 1074 1926 fueram
1107 1861 1293 1949 ingressus,

216 1993 321 2059 quum
343 1991 397 2030 me
415 1966 623 2056 gravissimus
639 1980 772 2054 repente
790 1967 924 2030 morbus
943 1967 1098 2056 perculit,
1115 1966 1293 2054 inexplica-

178 2155 180 2159 .
215 2076 273 2139 bili
295 2074 461 2138 continuae
483 2071 583 2150 febris
606 2087 688 2134 aestu
702 2073 823 2135 viscera
841 2095 912 2136 mea
932 2090 1072 2138 torrens.
1105 2071 1293 2138 Sentiebarn

216 2181 352 2244 salutern
375 2199 480 2241 meam
505 2166 708 2239 medicorum
729 2176 853 2256 judicio
879 2177 1095 2265 deploratam,
1113 2177 1294 2243 sentiebam

217 2309 271 2352 me
288 2284 430 2365 viribus,
448 2283 577 2363 animo,
594 2283 818 2371 memoriaque
842 2283 988 2367 destitui,
1006 2285 1157 2374 reliquias
1181 2300 1294 2348 tamen

215 2393 280 2473 jam
302 2411 394 2480 paene
416 2389 607 2453 conclamati
625 2389 756 2477 spiritus
776 2389 811 2451 in
835 2387 941 2452 studia
958 2388 1146 2478 impendere
1163 2405 1272 2454 certus
1283 2417 1298 2471 ‚2

218 2498 347 2586 quoties
366 2494 437 2559 dira
450 2495 497 2557 vis
516 2493 623 2557 morbi
642 2494 804 2558 cruciatus
821 2516 920 2557 saevos
935 2495 986 2558 vel
999 2496 1170 2583 paululum
1185 2494 1297 2560 remit·

123 2658 127 2665 .
152 2662 155 2668 .
217 2603 327 2684 tebet,
349 2623 418 2665 non
444 2602 514 2664 sine
540 2601 682 2664 maximo
706 2601 816 2666 salutis
843 2622 922 2664 meae
953 2599 1142 2690 dispendio,
1164 2602 1295 2667 notario

219 2703 466 2793 diligentissimo
499 2701 622 2788 aliquid
654 2701 840 2783 dictabam3
875 2701 963 2765 unde
990 2703 1113 2766 factum
1147 2719 1221 2784 est,
1255 2718 1297 2766 ut

220 2810 378 2890 majorem
412 2809 509 2889 hujus
541 2808 689 2896 opusculi
720 2824 862 2897 partem,
895 2809 1104 2872 infestissimo
1136 2809 1297 2898 languore

220 2912 490 2994 conflictatus,in
513 2913 633 2976 lectulo
654 2915 763 2993 jacens
772 2914 1056 3002 ,··e'omposuerim,
1081 2913 1206 2977 utinam
1222 2929 1297 2976 tan·

219 3038 252 3086 ta
269 2997 393 3110 ingenii
412 3019 584 3101 felicitate,
609 3034 742 3106 tamque
770 3035 891 3083 eventu
915 3019 1042 3100 fausto,
1068 3024 1202 3107 quanto
1221 3036 1297 3084 stus

219 3126 318 3192 diosis
334 3127 508 3191 literaturae
524 3122 702 3189 candidatis
717 3123 864 3212 pariendi
883 3125 1016 3212 aliquod
1033 3126 1296 3191 emolumentum

222 3228 382 3299 desiderio
395 3234 449 3296 lin
466 3233 634 3297 nonnullis
652 3233 730 3296 loeis
749 3234 826 3297 vitia
842 3232 991 3321 quaedam
1002 3282 1011 3314 ,
1023 3234 1220 3321 scriptorum
1237 3251 1297 3299 aut

193 3362 195 3365 ·
224 3358 421 3404 excusorum
440 3338 550 3426 culpa,
561 3339 626 3417 jam
646 3337 723 3401 olim
737 3353 868 3425 poetam
883 3337 1158 3426 elegantissimum
1171 3337 1298 3403 foedan-

221 3446 284 3526 tia,
304 3444 475 3532 castigavi3
491 3443 526 3505 in
546 3442 741 3530 quibusdam
758 3466 855 3523 vero,
873 3441 931 3505 ubi
949 3442 1108 3532 interpres
1126 3444 1206 3507 mihi
1223 3464 1296 3509 non

220 3567 309 3616 reete
324 3550 445 3615 sentire
460 3549 548 3613 visus
564 3566 629 3631 est,
645 3570 775 3613 causam
794 3570 899 3611 meam
916 3564 1029 3612 contra
1041 3570 1122 3613 eum
1139 3551 1209 3638 egi:
1224 3550 1296 3639 ipse

115 3726 117 3730 ,
220 3678 296 3723 reus
315 3679 377 3746 pro
400 3678 435 3720 se
457 3655 592 3719 minime
615 3677 705 3719 nunc
728 3666 837 3743 potest
861 3655 1073 3743 respondere,
1091 3657 1166 3742 ejus,
1183 3671 1296 3721 tamen

220 3762 447 3829 commentarii
469 3761 598 3851 patroni
625 3760 755 3823 interim
771 3760 842 3824 vice
866 3762 1056 3851 fungentur,
1078 3784 1096 3826 a
1121 3761 1242 3850 quibus
1267 3762 1296 3828 sl

219 3871 292 3951 jure
306 3890 375 3932 non
392 3883 560 3932 aecusatus
576 3865 788 3943 defendetur,
803 3867 923 3931 eruditi
937 3866 1096 3932 videbunt
1110 3866 1294 3933 secundum

220 3988 333 4037 utrum
350 3971 557 4061 pronuntiari
581 3970 707 4037 debeat.
731 3973 802 4037 Nee
819 3973 1013 4038 stomachari
1031 3996 1088 4062 par
1106 3986 1154 4037 est
1170 3972 1294 4064 AEgidii

223 4096 383 4145 amatores
394 4127 403 4162 ,
414 4077 548 4166 quando
557 4086 659 4142 'nemo
672 4076 713 4142 ad
726 4094 871 4156 nostram
885 4098 990 4166 usque
1006 4095 1131 4144 aetatem
1144 4079 1223 4163 luit,
1235 4080 1293 4168 qui
