2686 4830
102 336 104 348 ’
199 376 338 449 uovr
366 372 500 443 sorr.
523 373 578 443 m
604 377 998 450 vanraaccuu.
1095 407 1133 452 ιι

54 525 212 609 excusat,
232 509 325 604 quod
356 509 404 577 eis
437 531 578 578 munera
609 535 679 578 non
707 512 829 581 mittat.
855 516 1009 609 Uterque
1034 528 1068 583 et
1098 518 1133 584 in

56 636 213 708 convivio
234 647 364 727 septem
383 632 584 718 amicorum,
603 633 694 726 quod
716 633 797 704 alias
814 635 974 706 describit
992 639 1133 707 Martiu-

55 760 118 848 lis,
135 765 187 847 X,
207 756 273 844 48,
294 756 499 825 nominatur.
529 738 531 750 ¹

107 900 210 971 Plura
227 898 269 969 de
288 896 407 967 Flacco
433 897 599 967 Martialis
614 899 732 987 hubet3
749 899 808 968 sed
828 899 871 968 ad
893 899 1047 970 eumdem
1070 903 1134 970 ho-

56 1027 185 1095 minem
206 1037 374 1117 spectare,
392 1035 426 1090 et
447 1046 524 1090 eum
548 1045 619 1093 esse
641 1025 824 1108 Nostrum,
850 1045 919 1090 non
938 1023 1024 1093 bene
1042 1045 1133 1095 com·

58 1165 195 1244 pertum
223 1164 282 1218 est.
315 1147 448 1237 Quare,
475 1171 518 1214 ne
542 1144 623 1215 falsa
643 1171 707 1241 pro
727 1146 813 1214 veris
837 1170 988 1232 narrem,
1010 1146 1136 1216 Valerii

57 1272 171 1345 Flacci
191 1275 267 1344 vitae
284 1270 368 1340 nihil
389 1269 527 1356 addam,
551 1271 730 1339 deterritus
755 1294 813 1359 eo,
838 1269 930 1363 quod
952 1269 1137 1359 Martialis,

58 1400 96 1467 in
124 1412 175 1467 tot
207 1390 258 1465 adx
271 1393 429 1464 Flaccum
452 1393 767 1487 epigrammatibus,
792 1418 835 1462 ne
860 1394 970 1462 obiter
1000 1393 1136 1488 quidem

58 1521 174 1590 innuit
192 1543 332 1614 poema,
346 1540 414 1610 quo
435 1517 581 1585 maxime
603 1517 693 1611 apud
711 1532 864 1616 posteros
880 1518 1138 1588 commendatur

58 1642 163 1711 hodie
178 1639 332 1711 Valerius
347 1636 411 1734 (ι).

96 1875 136 1943 (1)
153 1875 194 1927 De
212 1873 266 1933 vita
281 1870 382 1925 Valerii
401 1889 488 1943 pauca
506 1869 576 1936 dixi,
592 1869 666 1941 quod
684 1869 791 1941 pigebat
812 1869 912 1922 referre
925 1867 1059 1940 quidquid
1073 1870 1141 1945 varii

59 1982 185 2024 auctores
202 1988 257 2022 non
281 1968 446 2038 exploratum
465 1984 609 2019 asseruere.
625 1966 748 2019 Nominis
765 1963 938 2018 similitudine
956 1964 1059 2020 inducti
1077 1968 1139 2039 qui·

60 2066 124 2134 dam
138 2063 305 2118 tradiderunt
315 2082 377 2116 eum
390 2082 407 2116 a
421 2061 531 2114 Valerio
549 2060 700 2127 Publicola,
721 2060 874 2133 reipublicae
888 2079 1006 2114 romanas
1016 2061 1140 2116 condito·

60 2180 122 2214 rum
138 2180 212 2228 uno,
227 2178 309 2232 genus
323 2158 437 2212 duxisse.
450 2157 525 2224 Pius,
542 2157 570 2210 in
591 2159 623 2211 C.
637 2159 672 2209 V.
687 2158 775 2210 Flacci
792 2157 845 2211 vita
858 2198 866 2224 ,
887 2159 964 2230 cujus
982 2170 1141 2224 astaudus,

60 2270 153 2324 ratus,
178 2256 317 2311 sevidisse
332 2257 359 2309 in
380 2254 497 2328 quodam
517 2255 676 2308 numismate
693 2253 808 2326 effigiem
819 2254 922 2307 Valerii
941 2273 1003 2306 cum
1021 2256 1141 2326 praetoris

61 2355 157 2419 titulo,
170 2373 224 2408 uon
243 2353 417 2428 injucundam
435 2352 515 2425 hujus
534 2351 649 2406 auctoris
666 2351 814 2422 imaginem*
830 2349 971 2422 diligenter
991 2362 1018 2404 et
1038 2333 1142 2406 curiose

61 2452 224 2518 delineavit,
243 2470 325 2524 quam
344 2449 438 2504 sedulo
461 2450 587 2521 expressit
606 2450 747 2522 Adolphus
766 2456 867 2502 Dureau
887 2455 925 2500 De
938 2453 1065 2510 lamalle,
1085 2453 1142 2502 Dis·

62 2568 135 2600 cours
151 2550 250 2616 prdIim·
262 2564 292 2618 p.
304 2547 335 2603 31
347 2564 355 2610 ;
374 2545 421 2603 sed
436 2544 507 2599 istud
527 2546 601 2618 quod
612 2547 677 2600 Pius
694 2547 817 2601 describit
834 2544 906 2615 (vide
918 2545 999 2600 modo
1010 2566 1036 2618 p.
1047 2548 1139 2619 XIV),

62 2645 118 2698 sive
137 2645 194 2696 haec
211 2643 253 2696 Pii
268 2654 438 2714 temporum,
457 2643 512 2696 sive
531 2642 613 2714 ipsius
632 2643 683 2695 fuit
700 2642 849 2714 imperitia,
866 2641 923 2694 sine
943 2640 1027 2695 dubio
1047 2661 1142 2696 cousu-

62 2743 120 2797 lare
137 2752 176 2795 est
194 2740 342 2804 numisma,
356 2753 448 2792 nostro
464 2751 539 2810 poeta
559 2740 643 2793 multo
661 2740 807 2811 antiquius.
823 2737 948 2791 Pluribus
965 2750 990 2791 et
1008 2741 1141 2810 praeclaris

63 2838 129 2892 viria
147 2856 246 2891 nomen
262 2837 313 2890 luit
326 2837 404 2890 Caius
415 2837 538 2889 Valerius
552 2837 661 2890 Flaccus
666 2855 674 2899 ;
687 2835 741 2889 vid.
752 2838 817 2890 Caes.
829 2835 863 2889 de
877 2836 951 2888 Bello
964 2836 1032 2889 Gall.
1044 2838 1072 2903 I,
1084 2839 1118 2907 47
1131 2859 1149 2904 3-

62 2937 97 2988 T.
108 2935 170 2989 Liv.
185 2934 308 2998 XXVII,
327 2937 362 3000 83
382 2932 443 2985 Val.
458 2933 528 2985 Max.
540 2933 603 2996 III,
621 2953 654 2998 ²3
671 2934 726 2986 Cic.
741 2945 808 2986 orat.
828 2951 879 3004 pro
899 2932 994 2984 Publio
1008 2932 1139 2996 Quintio,

63 3035 80 3102 ς
97 3039 148 3096 28,
171 3031 219 3120 ubi
234 3031 389 3085 nominatur
403 3031 434 3083 C.
446 3029 570 3084 Valerius
585 3029 696 3082 Flaccus
712 3028 806 3083 consul
816 3047 879 3081 cum
889 3028 927 3078 M.
938 3027 1073 3080 Herennio
1087 3029 1141 3080 Ne·

64 3140 143 3202 pote,
153 3126 432 3180 annoUrbisconditoe
441 3124 545 3178 DCLX.
556 3125 627 3177 Vide
636 3144 743 3196 quoque
753 3128 884 3178 Romanas
892 3124 1022 3190 familias,
1033 3139 1145 3183 auctore

66 3230 194 3289 ‚leun-Foy
205 3227 322 3276 Vaillant.

102 3323 281 3389 Quintilianus
296 3336 322 3376 et
335 3323 483 3386 Martialis,
504 3323 552 3377 soli
570 3323 639 3376 inter
653 3323 778 3386 Veteres,
791 3322 893 3375 Valerii
910 3323 999 3377 Flacci
1015 3325 1141 3378 memine-

65 3432 137 3474 runt.
151 3421 276 3474 Occurrit
289 3420 362 3492 apud
374 3420 492 3473 Plinium
509 3420 657 3494 juniorem,
669 3420 706 3486 V,
718 3427 751 3486 4,
770 3419 880 3491 epistula
890 3418 989 3471 Flacco
999 3419 1141 3491 inscripta,

66 3518 95 3570 in
112 3537 166 3588 qua
180 3517 280 3589 gratias
296 3517 349 3589 agit
364 3516 466 3570 Plinius
482 3537 531 3590 pro
544 3506 684 3570 turdorum
696 3517 784 3581 dono;
804 3519 850 3570 sed
859 3518 919 3590 quis
931 3517 964 3569 sit
975 3517 1021 3570 ille
1032 3517 1143 3571 Flaccus

67 3634 121 3668 non
135 3615 237 3686 magis,
253 3633 333 3688 quam
353 3613 425 3686 apud
438 3614 605 3681 Martialem,
623 3624 734 3667 constat.
747 3615 883 3668 Juvenalis
896 3612 997 3685 aliquid
1011 3614 1091 3666 babet
1108 3614 1142 3668 de

68 3714 160 3762 uellere
169 3729 261 3772 aureo
282 3728 314 3764 ac
327 3708 362 3762 de
372 3715 453 3775 Hyla
470 3710 526 3763 Sat.
536 3713 567 3777 I,
584 3730 611 3764 v.
626 3728 657 3763 ιο
668 3722 694 3762 et
706 3713 755 3764 163
766 3723 917 3784 ‚tanquam
933 3710 985 3763 de'
983 3723 1141 3782 argumento

70 3824 137 3877 saepe
148 3817 260 3859 tractato
270 3817 296 3858 et
305 3804 387 3869 trito;
407 3804 453 3858 sed
464 3825 551 3878 neque
561 3823 724 3894 quemquam
736 3819 871 3861 auctorem
882 3806 1017 3870 nominat,
1028 3826 1079 3861 nec
1089 3810 1141 3860 uti-

70 3921 121 3974 que
141 3915 262 3968 certum,
281 3905 408 3957 Nostrum
428 3903 562 3976 precipue
580 3888 729 3976 designari,
751 3923 834 3976 quum
856 3905 945 3976 plures
962 3905 1142 3977 Argonautica

70 4001 238 4074 scripserint,
250 4021 366 4074 quorum
385 4003 572 4056 celeberrimus
589 4003 642 4055 furt
645 4002 750 4067 Varro
769 4001 845 4072 cujus
861 4019 968 4054 carmen
979 4001 1014 4054 ad
1023 4021 1071 4056 nos
1087 4023 1142 4057 non

71 4101 208 4170 pervenit,
224 4099 347 4173 quamvis
361 4098 587 4155 immortalitatem
602 4099 624 4152 ei
634 4099 786 4172 promiserit
794 4097 926 4160 Ovidius,
947 4098 1037 4151 Amor.
1047 4099 1077 4163 I,
1090 4100 1142 4163 15,

976 4220 1007 4260 ct.
