2686 4830
76 380 1156 415 ΜΜΜΜΜΜῊΜΜΜΜΜἏἈΕἊἊΜΜΜΜὯΙΜ

180 633 1062 785 J0.BAPTISTAPIUS,

325 899 681 969 BONONIENSIS
706 904 911 986 CLIENS,

601 1175 642 1209 At)

295 1348 341 1424 R.
376 1344 612 1424 JULIUM
651 1345 943 1425 MEDICEM

348 1603 353 1613 ,
447 1541 785 1609 rtoaaurmun,

128 1782 187 1828 TT·
220 1780 346 1828 stttc'rt
380 1780 570 1828 LAURENTII
602 1783 642 1828 IN
675 1780 822 1826 Damaso
855 1779 1106 1836 CARDINALEM,

405 1934 604 1981 PATRONUM
631 1933 836 1980 COLENDUM.

367 2180 872 2218 ψ

80 2411 440 2528 Coc1rav1mecum,
464 2445 588 2534 diuque
609 2447 770 2528 volutavi,
797 2447 922 2535 optime
947 2469 984 2510 ac
1009 2446 1153 2510 maxime

78 2552 324 2641 princeps,Juli
340 2552 499 2634 Medices,
517 2553 668 2640 quisnam
688 2553 724 2616 in
746 2552 811 2616 hoc
828 2551 961 2616 dialium
977 2550 1152 2616 flaminum

79 2656 309 2748 augustissimo
348 2656 488 2738 Senatu,
509 2656 687 2737 majoribus
712 2656 837 2745 ingenii
870 2655 1153 2744 nobilioribusque

79 2763 181 2828 animi
197 2763 330 2828 dotibus
350 2779 550 2846 coruscaret,
568 2786 635 2851 quo
652 2763 783 2852 auspice
796 2762 944 2851 prodiret
960 2763 1039 2826 olim
1055 2763 1153 2826 semi·
1253 2840 1257 2847 ς

79 2869 183 2951 lacer,
206 2873 298 2934 nunc
319 2870 430 2934 labore
453 2886 567 2934 nostro
585 2868 747 2934 redivivus
766 2871 917 2945 Flaccus,
940 2867 1153 2956 expeditionis

79 2975 307 3064 Argonautica
324 2976 532 3040 suavissimus
549 2976 744 3040 modulator.
759 2975 919 3039 Novimus
930 2975 1017 3037 enim
1028 2973 1155 3036 auctori

81 3094 113 3142 et
128 3080 271 3143 auctoris
288 3078 461 3167 interpreti
475 3080 616 3143 multum
631 3079 794 3166 dignitatis
807 3099 1008 3159 accrescere,
1023 3078 1051 3141 si
1069 3093 1156 3142 uter·

82 3208 145 3272 que
171 3185 316 3249 secunda
339 3185 495 3273 principis
513 3207 593 3248 usus
616 3206 694 3247 aura
716 3183 837 3246 honori
860 3205 921 3246 suo
939 3183 1153 3257 velificaverit.

79 3290 246 3380 Siquidem
270 3314 359 3356 sacra
388 3308 484 3374 sunt,
512 3314 584 3379 quae
611 3291 707 3354 sacris
731 3289 917 3372 adhaerent,
940 3290 1153 3381 impietasque

79 3398 234 3486 mancipii
243 3413 347 3462 statua
358 3398 512 3486 principis
524 3397 680 3485 expiatur.
690 3399 728 3461 In
739 3395 803 3461 hoc
812 3396 912 3460 animi
922 3398 988 3462 salo
998 3399 1106 3486 posito
1116 3414 1153 3463 tu
1196 3466 1198 3470 ,

80 3503 256 3590 statimque
276 3503 465 3567 occurristi:
480 3504 694 3591 animumque
711 3503 874 3568 labantem
890 3503 981 3568 fulsit
994 3502 1155 3584 majorum

79 3623 213 3672 tuorum
236 3610 270 3673 in
293 3624 325 3673 te
348 3611 545 3697 repullulans
563 3611 661 3674 unica
675 3632 757 3674 verae
774 3610 883 3699 gloriae
899 3632 1076 3699 propages,
1097 3612 1154 3698 qui

80 3713 114 3776 in
133 3715 279 3798 Etruria,
300 3715 393 3794 cujus
407 3715 549 3787 habenas
566 3716 749 3780 felicissime
761 3714 1033 3796 moderabantur,
1049 3738 1153 3804 prope

79 3821 140 3884 soli
151 3820 260 3886 Musas
276 3822 379 3885 obviis
393 3822 479 3885 ulnis
495 3838 709 3910 exceperunt,
721 3821 877 3902 desertas,
886 3842 992 3909 vagas,
1002 3821 1152 3885 omnium

79 3949 215 4016 egenas,
233 3927 303 3992 sine
322 3951 397 4017 spe,
414 3928 484 3992 sine
500 3929 593 4011 sede,
611 3930 681 3994 sine
700 3930 815 4018 capite.
834 3930 973 3991 Cosmus
991 3928 1151 4011 Medices,

79 4055 178 4120 quem
192 4034 328 4117 honoris
344 4050 377 4100 et
396 4036 514 4101 amoris
531 4035 631 4124 gratia
647 4059 716 4101 non
732 4035 802 4100 sine
818 4034 994 4099 venerabili
1010 4036 1155 4124 suspirio·
