2686 4830
373 334 539 424 Parim
569 358 599 423 A
629 359 814 427 tanna.
1057 381 1127 427 xiv

51 486 177 551 scrinio
192 485 355 567 continet,
369 485 541 548 maximam
556 487 617 550 sibi
631 488 783 577 gloriam,
795 485 947 552 studiosis
960 511 1038 552 vero
1054 513 1127 552 om·

53 591 154 654 nibus
170 590 342 654 utilitatem
358 590 522 674 invidens,
537 616 605 655 non
622 594 794 657 minorem.
809 595 852 657 At
867 595 978 681 quales
996 595 1019 657 ii
1037 613 1129 659 erant

53 695 306 763 commentarii?
319 719 383 784 ego
404 719 520 786 nempe
543 721 582 761 cx
604 698 665 761 illis
686 698 768 761 nihil
790 721 936 786 unquam
951 699 1017 763 vidi
1026 749 1039 781 ,.
1053 723 1128 764 nam

55 825 164 890 quum
180 802 249 890 ipse
264 801 337 865 illos
354 825 406 864 me
424 825 527 889 puero
543 802 779 891 componebat,
793 826 979 891 quanquam
995 828 1062 868 non
1079 829 1132 893 pa-

54 931 133 971 rum
153 906 291 971 domum
309 906 378 985 ejus
397 907 665 994 frequentabam,
679 931 745 995 prae
762 907 889 996 pudore
906 924 1014 973 tamen
1033 927 1132 998 atque
1229 931 1235 941 ‘

56 1013 286 1094 veneratione,
300 1036 364 1101 qua
377 1013 470 1076 illum
482 1013 673 1095 admirabar,
686 1036 858 1100 nunquam
871 1012 1044 1103 efflagitare
1058 1041 1132 1082 sum

57 1143 174 1202 ausus,
190 1142 304 1183 corum
318 1118 450 1182 videndi
466 1119 548 1182 mihi
565 1120 691 1206 copiam
704 1121 840 1200 faceret3
859 1120 949 1208 quod
965 1123 1051 1210 ipse,
1068 1148 1134 1212 qua

58 1241 110 1289 est
124 1249 201 1290 cum
221 1226 374 1289 omnibus
393 1226 564 1307 comitate,
577 1226 726 1289 facilitate
741 1243 840 1314 atque
858 1228 959 1291 animi
975 1229 1133 1314 candore,

59 1331 284 1396 lubentissime
307 1331 484 1396 annuisset.
508 1330 572 1395 Sed
596 1333 722 1418 quales,
740 1333 803 1396 nisi
825 1334 926 1398 multa
950 1333 1134 1400 eruditione

58 1436 307 1516 refertissimos,
322 1435 521 1500 credendum
535 1450 600 1516 est,
613 1435 801 1523 prodituros
814 1437 914 1501 fuisse
928 1438 967 1501 ab
980 1438 1135 1524 bomine,

61 1542 212 1605 omnium
228 1556 345 1604 nostrae
367 1540 566 1628 tempestatis
591 1539 802 1604 doctissimo?
818 1542 875 1627 qui
894 1543 1049 1628 proximae
1065 1569 1137 1610 rue·

63 1648 176 1711 moriae
189 1648 390 1711 literatorum
403 1647 528 1710 nemini
537 1646 702 1728 concedit,
713 1647 770 1733 qui
781 1647 933 1734 antiquos
945 1649 1016 1712 illos
1028 1651 1138 1739 gloriae

59 1753 251 1817 immortalis
264 1751 454 1840 scriptores,
466 1766 522 1814 aut
535 1767 666 1839 superat
677 1767 734 1814 aut
747 1766 833 1813 certe
846 1767 969 1837 aequat,
981 1754 1038 1838 qui
1050 1770 1083 1818 et
1096 1754 1138 1818 la·

60 1859 121 1923 tini
135 1875 168 1923 et
180 1858 275 1947 graeci
286 1857 445 1922 sermonis
457 1856 586 1944 peritia,
599 1858 814 1942 omniumque
826 1855 1067 1945 disciplinarum
1080 1883 1137 1924 eo·

61 1965 210 2054 gnitione
223 1962 305 2026 adeo
319 1978 465 2052 praestat,
478 1978 516 2024 ut
528 1984 641 2025 omnes
653 1961 730 2049 ipsi,
740 1962 809 2049 ipse
823 1962 921 2045 nulli,
931 1982 1041 2050 posset
1053 1965 1139 2030 invi·

61 2071 158 2152 dere,
175 2069 365 2156 faciliusque
382 2069 424 2131 sit
442 2069 604 2132 Isthmum
623 2066 792 2148 defodere,
810 2091 909 2156 quam
928 2071 1139 2136 centesimam

60 2178 135 2258 ejus
143 2173 941 2264 doetrinaeportionemadipisei:hunciniquafata,
949 2176 1139 2241 felicissimis

61 2283 162 2364 hujus
175 2282 256 2345 sacri
269 2282 373 2370 Lycaei
385 2281 594 2345 incunabulis
607 2279 804 2362 invidentia,
814 2280 909 2344 nobis
920 2280 1141 2364 abstulerunt,

61 2415 100 2457 ac
118 2391 237 2454 illustri
260 2390 459 2454 salmanticae
485 2389 654 2478 gymnasio
682 2388 932 2472 condonarunt,
949 2412 1049 2477 quare
1070 2390 1140 2470 ejus

62 2495 258 2564 consulendi
276 2519 317 2560 ne
335 2519 394 2584 per
409 2496 518 2559 literas
536 2493 671 2581 quidem
688 2493 769 2557 mibi
786 2493 848 2558 fuit
866 2495 976 2582 copia,
992 2496 1141 2585 angustia

63 2601 221 2690 temporis
243 2601 433 2689 intercepto.
454 2600 532 2665 Sine
553 2600 651 2664 ullius
677 2599 777 2688 igitur
800 2622 862 2687 ope
887 2600 1087 2688 auxilioque,
1104 2601 1140 2664 in

63 2710 177 2774 multis
191 2708 356 2773 Valerium
373 2707 453 2771 locis
472 2705 670 2789 emaculari,
688 2721 721 2769 et
739 2728 807 2768 non
827 2728 944 2793 pauca,
962 2726 1034 2793 quae
1051 2705 1142 2794 prius

62 2813 231 2879 emendari
245 2835 341 2902 posse
357 2811 562 2888 diffidebam,
577 2834 643 2875 suae
655 2811 713 2899 (ni
728 2809 1034 2897 fallor)1sinceritati
1050 2811 1144 2875 resti·

64 2920 131 2985 tui:
143 2920 178 2983 in
193 2943 258 3009 qua
272 2942 309 2982 re
324 2943 394 2983 non
407 2918 587 2983 mediocres
602 2918 684 2980 mibi
698 2918 862 3005 suppetias
876 2917 1024 2981 tulerunt
1037 2916 1142 2980 Graeci

64 3027 193 3115 aliquot
213 3026 404 3114 scriptores,
427 3024 486 3089 sed
508 3024 657 3089 omnium
683 3024 822 3086 maxime
838 3022 1033 3109 Apollonius
1051 3022 1143 3085 Rho·

66 3133 162 3214 dius,
174 3147 272 3220 atque
289 3132 441 3220 Orpbeus
458 3130 681 3210 Crotoniates,
694 3129 752 3216 qui
768 3126 884 3191 eodem
901 3127 998 3190 titulo
1011 3128 1144 3216 scripse-

67 3254 157 3304 runt.
176 3237 362 3302 Nonnullos
387 3253 498 3300 tamen
517 3235 624 3316 locos,
639 3249 679 3297 ut
702 3235 844 3323 ingenue
869 3233 979 3315 fatear,
1002 3232 1144 3316 offendi,

70 3341 130 3428 qui
144 3362 198 3402 me
214 3361 317 3426 quum
335 3338 393 3403 diu
408 3334 669 3426 cogitabundum
681 3334 827 3422 impense
839 3334 1144 3416 torsissent,tamen

69 3469 137 3534 quo
154 3444 255 3509 modo
272 3442 453 3532 reponendi
470 3457 597 3523 essent,
616 3440 798 3529 excogitare
816 3462 885 3504 non
904 3440 1017 3528 potui3
1034 3440 1069 3504 in
1086 3463 1145 3528 pa·

71 3553 228 3642 gellamm
252 3550 347 3630 albu,
361 3548 512 3614 asterisco
529 3547 653 3612 videbis
678 3546 877 3635 obsignatos.
895 3547 939 3609 At
963 3568 1069 3632 quum
1093 3567 1146 3608 me

72 3657 206 3745 quidam
216 3678 255 3720 ex
268 3655 479 3720 familiaribus
493 3654 627 3718 anxium
641 3653 737 3716 nimis
750 3668 847 3740 atque
862 3651 1036 3716 sollicitum
1049 3671 1147 3736 super

73 3786 109 3827 ea
125 3785 162 3827 re
176 3761 325 3844 vidisset,
340 3761 477 3826 asseruit
491 3759 591 3841 mibi,
605 3757 710 3822 editos
729 3780 799 3821 esse
811 3778 918 3845 nuper
933 3756 968 3816 in
982 3754 1146 3818 Valerium

74 3870 226 3933 flaccum
243 3868 510 3948 commentarios,
521 3880 619 3953 atque
635 3887 690 3929 eos
707 3863 840 3951 quidem
855 3858 1032 3947 aquodam
1048 3858 1147 3940 hujus

10 3982 12 4001 '
76 3974 202 4062 inclytae
214 3973 431 4038 universitatis
441 3972 573 4039 librario
583 3970 698 4034 vendi:
712 3991 795 4057 quos
809 3989 869 4056 ego
882 3965 1031 4053 protinus
1045 3965 1149 4032 incre·

80 4078 168 4145 dibili
182 4079 322 4169 gestiens
337 4078 447 4143 laetitia
460 4075 641 4165 comparari
650 4073 749 4156 jussi,
760 4071 894 4159 diesque
906 4091 942 4132 ac
955 4084 1067 4133 noctes
1080 4069 1152 4134 ahs·
