2686 4830
212 348 321 394 xuvut
468 325 801 394 LAURENTIUS
831 327 1027 394 BALBUS

212 455 302 519 ribus
320 455 386 518 suis
403 454 542 517 nimium
565 454 646 536 sibi,
665 477 702 518 ac
718 478 816 543 supra
834 478 932 543 quam
949 476 1080 542 aequum
1096 469 1197 538 esset,
1213 456 1283 543 pla·

175 600 179 605 ·
212 578 321 626 centes
337 583 345 624 ε
359 576 473 624 natura
487 560 575 623 enim
590 561 634 623 ita
649 578 874 648 comparatum
889 577 955 640 est,
979 575 1016 623 ut
1034 560 1284 648 qualiacumque

211 667 296 749 sint,
310 689 381 754 quae
398 682 509 729 nostra
527 666 691 754 prodeunt
705 667 839 749 foetura,
851 667 948 756 longe
962 666 1084 753 optima
1100 688 1169 730 esse
1185 666 1286 735 duca·

212 796 298 855 mus,
309 774 450 861 quia,ut
461 773 570 860 inquit
580 752 753 855 Libanius,
764 774 989 862 sophistarum
1007 770 1230 838 atticissimus:
1248 781 1285 836 τὰ

211 893 261 941 τῶν
276 889 501 959 ἱρωμένων,ὁποῑα
513 886 572 940 ποτ’
582 888 611 941 ἂν
631 885 648 956 ᾖ
656 927 664 954 ,
675 889 741 942 aaa&
754 890 867 960 quiverat
880 892 931 949 τοῖς
945 891 1032 959 ἐρῶσι,
1043 887 1084 940 καὶ
1100 889 1128 940 ri
1141 883 1285 959 doaipaiitu

214 981 329 1050 ἀφέντες,
343 983 375 1042 ὡς
388 980 429 1034 ἐπὶ
442 983 594 1051 θαυμαστοῖς
610 983 696 1047 βοῶσι.
709 973 780 1061 Ego
790 995 867 1036 vero
879 973 976 1061 longe
987 985 1166 1037 secus:tam
1176 995 1288 1061 super·

214 1076 339 1141 stitiosa
353 1077 439 1141 enim
454 1078 609 1168 religione
623 1080 734 1143 Musas
745 1101 892 1160 veneror,
907 1093 939 1140 et
952 1077 1042 1159 eolo,
1055 1094 1092 1141 ut
1105 1077 1287 1141 existimem

213 1203 281 1246 non
294 1183 364 1246 sine
376 1205 505 1247 summo
517 1183 634 1247 timore
647 1201 680 1247 et
691 1181 867 1248 formidine
879 1205 991 1247 earum
1003 1204 1090 1246 sacra
1101 1181 1287 1264 tractanda,

214 1287 360 1375 nullique
382 1289 429 1353 rei
450 1289 575 1373 minus,
589 1313 687 1377 quam
708 1312 782 1367 meo
799 1288 961 1354 confidam
984 1311 1021 1354 ac
1043 1289 1184 1352 tribuam
1195 1286 1288 1368 judi-

214 1393 283 1476 cio;
297 1394 404 1458 statini
420 1410 495 1483 post
511 1397 701 1484 praeclarum
717 1396 819 1484 ipsius
839 1411 945 1483 poetae
966 1417 1069 1482 opus,
1083 1409 1210 1457 nostras
1227 1392 1289 1457 ad-

209 1497 378 1578 junximus
390 1501 689 1565 annotatiunculas:
703 1500 820 1565 deinde
833 1501 1055 1590 Argonautieae
1069 1498 1290 1587 expeditionis

214 1602 382 1670 historiam
405 1629 444 1670 ex
467 1607 562 1671 variis
585 1607 774 1671 auctoribus
798 1623 831 1671 et
856 1608 966 1697 graecis
992 1622 1025 1669 et
1046 1605 1154 1669 latinis
1178 1627 1290 1669 excer-

214 1726 324 1797 ptam,
342 1711 562 1799 brevibusque
585 1712 744 1800 capitibus
764 1712 948 1776 distinctam
967 1711 1217 1775 contexuimus:
1236 1711 1292 1774 ul-

213 1815 294 1879 timo
307 1818 398 1904 quasi
410 1817 639 1905 appendicem,
654 1833 687 1881 et
704 1817 804 1881 totius
823 1817 927 1880 nostri
943 1816 1062 1880 laboris
1077 1814 1289 1899 coronidem,

215 1922 380 2009 Apollonii
393 1947 523 2005 versus,
540 1947 623 2011 quos
641 1924 822 1988 felicissime
835 1924 982 1988 Valerius
999 1938 1110 1987 noster
1123 1937 1172 1986 est
1188 1922 1291 1986 inter·

214 2043 377 2116 pretatus,
396 2045 453 2092 aut
471 2031 656 2110 aemulatus,
674 2030 834 2096 Macrobii
854 2030 975 2094 Aurelii
999 2028 1147 2116 exemplo
1171 2027 1292 2108 adjun-

215 2132 340 2214 ximus,
357 2156 426 2196 non
445 2156 558 2196 omnes
578 2133 733 2221 quidem,
757 2134 792 2198 id
811 2135 899 2198 enim
914 2121 993 2223 ¹plus
1012 2135 1090 2214 otii,
1111 2133 1290 2220 temporis,

216 2237 316 2301 studii
333 2255 431 2326 atque
447 2239 566 2303 laboris
583 2240 773 2327 expetebat,
789 2239 847 2303 sed
863 2262 946 2327 quos
965 2262 1004 2302 ex
1022 2256 1211 2304 transcursu
1228 2239 1292 2304 bo·

218 2367 274 2408 mo
291 2345 425 2409 minime
442 2347 587 2429 otiosus,
613 2369 673 2411 nec
691 2348 798 2435 parvis
818 2345 983 2411 districtus
1001 2346 1290 2435 occupationibus,

217 2450 374 2515 adnotare
395 2454 512 2539 potui:
536 2475 609 2539 quae
636 2453 746 2517 omnia
768 2475 830 2516 nec
853 2450 1054 2533 injucunda,
1078 2475 1138 2516 nec
1162 2451 1292 2516 inutilia

218 2555 288 2620 fore
310 2572 392 2644 puto
413 2557 566 2622 studiosis
585 2556 858 2623 adolescentibus.
882 2557 947 2622 Has
967 2574 1078 2621 autem
1094 2580 1182 2620 meas
1196 2558 1292 2621 lucu·

218 2660 398 2744 brationes,
413 2686 517 2750 quum
534 2686 664 2736 mecum
677 2663 857 2728 identidem
872 2664 1070 2727 revolverem
1084 2664 1214 2727 cuinam
1228 2686 1292 2751 po·

218 2755 380 2832 tissimum
394 2780 629 2858 nuncuparem,
642 2787 680 2834 tu
694 2794 781 2834 unus
794 2771 964 2835 occurristi
978 2793 1116 2859 semper,
1130 2770 1222 2850 cujus
1235 2793 1294 2834 no·

219 2873 300 2936 mini
317 2891 518 2938 consecratas
537 2875 572 2938 in
588 2875 696 2940 lucem
718 2876 867 2940 emittere
884 2876 1044 2963 placeret3
1061 2897 1129 2938 non
1146 2876 1224 2963 quia
1239 2897 1293 2938 eas

218 2978 331 3069 dignas
339 2979 538 3063 judicarem,
557 3005 629 3069 quae
643 2982 676 3044 in
694 2981 783 3071 vulgi
799 3004 915 3046 manus
932 2980 1105 3069 splendore
1118 2981 1168 3044 tui
1181 2981 1294 3044 nomi-

219 3087 270 3152 nis
286 3087 450 3152 illustratae
462 3088 598 3169 exirent,
605 3104 662 3153 aut
679 3089 755 3176 quia
773 3105 805 3153 te
820 3089 955 3177 opibus,
969 3087 1142 3176 dignitate,
1155 3089 1297 3152 auctori·

218 3208 285 3256 tate
310 3209 461 3280 praestare
484 3195 583 3282 longe
606 3194 843 3284 intelligerem,
871 3194 930 3259 sed
945 3195 1020 3282 quia
1048 3210 1080 3257 et
1103 3193 1227 3276 studia,
1261 3210 1296 3258 et

220 3298 383 3361 bonarum
403 3299 570 3362 literarum
585 3316 765 3383 amatores,
782 3301 862 3364 citra
875 3300 1046 3380 aemulum,
1063 3321 1167 3381 amas,
1185 3300 1294 3383 foves,

220 3419 319 3490 atque
348 3403 440 3467 omni
464 3403 665 3493 benignitate
694 3405 936 3492 complecteris,
958 3421 1062 3491 utque
1091 3404 1132 3467 ab
1158 3405 1297 3470 ineunte

221 3524 313 3573 aetate
324 3509 424 3574 literis
438 3511 656 3599 mancipatus,
671 3511 826 3574 omnibus
839 3526 871 3574 te
888 3510 984 3575 bonis
1002 3511 1145 3591 artibus,
1162 3492 1296 3576 studiis·

221 3641 286 3705 que
300 3618 461 3682 altissimis
475 3618 655 3683 dedideris:
675 3642 750 3682 narn
767 3641 870 3706 quum
887 3643 904 3682 a
918 3620 1056 3699 teneris,
1071 3635 1109 3681 ut
1123 3617 1228 3682 Graeci
1242 3616 1297 3680 di·

220 3739 320 3807 cunt,
337 3726 541 3813 unguiculis,
559 3724 750 3789 admiranda
768 3724 922 3813 praeditus
941 3725 1068 3807 indole,
1088 3724 1122 3787 in
1142 3747 1296 3813 magnam

222 3850 283 3891 nec
299 3828 410 3893 falsam
428 3852 518 3917 spem
528 3845 677 3918 parentes
692 3830 863 3911 erexisses,
878 3852 1007 3893 summo
1025 3827 1135 3892 studio
1150 3851 1297 3916 curaque

221 3955 258 3997 ac
278 3933 443 4024 diligentia
464 3935 583 4007 teneris
600 3934 745 4022 pueritiae
763 3937 856 4000 annis
874 3937 1034 4024 ingenue,
1054 3934 1297 4022 liberaliterque

222 4037 378 4106 educatus
394 4040 473 4105 dum
490 4040 602 4129 primis
618 4041 718 4104 literis
735 4042 938 4137 informaris,
949 4042 1041 4105 brevi
1053 4056 1194 4128 quantus
1208 4063 1295 4106 esses
