2686 4830
75 102 1144 140 mmmmmvuwwummmnmwmumm

398 345 817 495 pinnario

330 509 877 673 NOVIEDITOIIIS
926 643 932 661 ,-

591 807 623 838 II(

225 940 394 1006 CAIUM
421 941 691 1006 VALERIUM
721 942 973 1010 FLACCUM.

452 1164 742 1194 ᾧ

68 1314 200 1438 Ceios
218 1363 402 1431 Vacemus
429 1362 588 1434 Fcnccus
613 1366 751 1434 Remos
775 1345 928 1438 Semnus
945 1368 998 1465 (ι)
1025 1367 1141 1444 floruit

63 1487 196 1570 Romae,
217 1499 378 1578 regnante
391 1475 613 1587 Vespasiano,
633 1489 686 1556 cui
709 1513 807 1557 suum
825 1515 946 1584 poema
964 1520 1140 1593 nuncupa·

62 1611 127 1696 vit,
145 1602 248 1703 paulo
265 1623 342 1703 post
359 1614 493 1702 captam
508 1633 527 1676 a
540 1609 618 1678 Tito
637 1609 920 1705 Hierosolymam,
939 1614 1028 1686 circa
1042 1622 1083 1689 A.
1098 1625 1139 1693 C.

60 1727 175 1818 LXX,
197 1730 239 1800 ad
264 1731 356 1825 quod
382 1731 513 1800 facinus
538 1730 676 1816 alludit,
701 1737 735 1820 I,
757 1753 798 1804 η
825 1756 896 1831 sqq.
920 1732 1066 1811 Videtur
1095 1736 1139 1815 ex

60 1854 316 1949 Argonauticon
341 1854 457 1939 initio,
473 1848 647 1925 Valerium
671 1851 778 1927 ununi
804 1877 824 1928 e
849 1856 1139 1950 Quindecimviris

59 1977 178 2063 fuisse,
196 1997 341 2072 quorum
364 2002 487 2046 munus
519 1993 592 2047 erat
621 2003 753 2048 servare
775 1991 809 2050 et
835 1980 1010 2055 consulere
1035 1983 1139 2060 libros

58 2100 261 2196 Sibyllinos,
274 2096 397 2196 quib'us
415 2126 474 2170 sua
493 2101 560 2171 fata
576 2103 741 2172 contineri
758 2107 898 2175 omnino
913 2108 1058 2180 Romani
1073 2139 1137 2209 pu·

58 2227 185 2327 tabant.
206 2227 353 2296 Patriam
371 2241 483 2296 autem
493 2216 642 2312 Valerii,
661 2240 698 2294 ut
716 2230 830 2322 magni
850 2229 955 2316 Livii,
971 2249 1006 2302 et
1026 2232 1136 2308 Stellae

91 2464 130 2532 (1)
143 2461 202 2515 Hoc
217 2472 256 2514 ert
272 2462 407 2532 integrum
416 2448 518 2511 Valerii
532 2467 647 2524 nornen,
656 2457 729 2529 quod
743 2459 874 2531 reperitur
886 2460 914 2512 in
929 2461 1047 2532 pretioso
1058 2461 1136 2519 Vati·

56 2559 116 2612 cani
128 2557 240 2621 codiee,
257 2557 332 2610 initio
344 2557 406 2610 libri
418 2556 498 2610 tertiir
509 2551 617 2609 Codicis
631 2554 753 2608 hocloco
766 2557 884 2627 primurn
893 2593 901 2620 ‚
911 2576 1010 2613 nomen
1018 2534 1137 2616 anctoris'

55 2655 191 2708 occur-rita
210 2666 300 2706 carent
321 2652 392 2706 enim
412 2651 490 2704 titulo
507 2651 608 2722 primus
627 2669 659 2704 ac
680 2652 812 2705 secundm
832 2652 914 2718 liber;
933 2650 961 2704 in
981 2652 1058 2713 titulo
1076 2656 1138 2710 libri

55 2750 147 2822 quarti
157 2749 231 2802 deest
245 2749 360 2803 numeris
375 2767 474 2801 nomen
488 2765 496 2810 3
512 2747 588 2800 libris
597 2749 634 2811 V,
644 2748 700 2799 VH
709 2789 717 2814 ‚
726 2750 813 2811 VIII,
828 2749 967 2820 praefixum
983 2751 1028 2802 est¹
1038 2771 1137 2808 nomen

58 2849 116 2900 Caii
129 2849 226 2899 Valerii
237 2849 322 2898 Flacci
332 2842 409 2896 Setini
415 2867 425 2906 ,·
439 2843 517 2896 initio
532 2840 594 2895 libri
612 2845 676 2895 sexti
694 2845 792 2915 legiur,
812 2849 886 2896 Caius
907 2850 1018 2899 Valerius
1035 2852 1140 2916 Flacca,
1217 2890 1222 2905 ,

56 2947 153 2999 Setiam
163 2948 271 3005 Balbum
289 2941 337 2996 sed
350 2941 407 2993 haec
426 2939 532 2992 nomina
539 2977 548 3000 ,
566 2941 661 2989 Sericus
673 2943 778 3001 Balbos,
797 2938 863 2992 mihi
875 2938 999 2994 videntur
1015 2961 1071 2997 esse
1086 2963 1137 3017 pro

57 3048 151 3097 Balbus
160 3028 255 3094 &tirius
268 3037 451 3113 imprudenter
460 3036 560 3107 scripta
572 3053 579 3088 ε
599 3038 626 3088 1⁰
636 3033 710 3106 quod
720 3049 869 3106 cognomen
878 3054 894 3089 a
903 3026 1012 3108 regione
1024 3037 1136 3095 ductum

56 3141 122 3194 solet
132 3157 189 3192 esse
202 3126 343 3199 ultimum
356 3137 383 3188 2⁰
393 3132 466 3206 quod
476 3131 568 3186 titulus
579 3132 650 3185 libro
659 3133 737 3186 tertio
747 3133 885 3204 prelixus,
898 3135 980 3189 literis
989 3137 1135 3209 majoribus
1177 3119 1179 3122 Ι

55 3235 138 3288 rubro
161 3234 250 3286 colore
272 3242 402 3296 exaratur,
419 3247 503 3302 quum
522 3228 650 3302 elegantia
669 3230 803 3301 scriptura
820 3231 1012 3304 diligentiorem
1033 3235 1135 3289 librarii

56 3350 149 3386 curam
167 3329 335 3406 profiteatur,
349 3338 431 3399 qnam
446 3327 533 3379 ceteri
551 3327 620 3378 tituli
638 3326 791 3399 majusculis
806 3327 922 3382 horridis
943 3350 974 3384 ae
991 3331 1133 3404 incomptis

56 3429 168 3502 scripti,
181 3426 307 3480 sincerior
318 3444 349 3479 ac
363 3423 417 3477 fide
425 3422 531 3494 dignior
543 3441 599 3476 esse
608 3423 675 3474 mihi
685 3423 805 3487 videtur3
817 3425 845 3477 3⁰
854 3424 927 3495 quod
934 3463 942 3488 ,
953 3445 1036 3496 quum
1050 3426 1132 3486 libra·

55 3526 110 3578 rius
124 3526 153 3578 in
168 3524 251 3578 titulis
264 3524 394 3576 librorum
408 3522 451 3585 V,
471 3521 541 3585 VII,
555 3521 640 3584 VIII,
656 3536 741 3575 unum
757 3538 906 3593 cognomen
924 3524 1073 3590 omitteret,
1090 3531 1133 3577 Se-

56 3625 103 3674 tini
120 3640 268 3695 cognomen
287 3621 413 3674 retinuit:
433 3620 486 3672 hoc
508 3630 595 3672 autem
617 3619 703 3671 ultimi
728 3621 864 3691 proprium
890 3631 929 3671 est
948 3622 1132 3691 cognominis,

57 3720 141 3773 rarius
150 3719 255 3783 omitti,
269 3719 353 3772 immo
366 3736 448 3790 sepe,
466 3715 500 3770 ad
518 3727 653 3769 auctorem
668 3714 879 3787 designandum,
891 3715 977 3768 solum
993 3716 1132 3781 adhiberia

59 3817 118 3870 Vid.
128 3818 180 3870 Titi
195 3815 314 3872 Lucrettt
324 3816 385 3870 Cari
395 3814 492 3887 patria,
503 3833 602 3884 genus,
616 3824 722 3866 auctore
733 3810 875 3864 Lambino.

174 3919 201 3983 J,
932 3931 952 3967 a
