2686 4830
248 348 429 419 AEGlDll
454 350 669 420 MASERII
692 352 747 421 IN
772 352 968 423 ARGON.
1048 380 1148 427 xxvn

75 476 193 566 spiritu
213 477 364 556 juvamus
390 477 595 561 tenuissimo,
623 495 657 543 et
673 479 784 567 primis
809 480 959 567 palmulis
981 482 1147 571 impellere

76 604 248 664 conamur,
263 582 431 647 nauticum
445 583 623 646 miserabile
637 584 811 673 vagientes.
825 585 894 650 Nec
906 609 998 652 mora
1010 588 1148 675 pedibus

75 689 163 752 inter
175 686 354 751 natandum
366 688 446 768 ulla,
465 711 532 751 non
546 712 648 776 pausa
663 688 833 771 manibus,
853 714 921 754 non
937 693 1066 781 requies
1078 695 1149 760 bra·

76 794 193 863 chiolis
207 807 388 880 praestatur.
407 794 469 857 Hic
483 817 609 858 annum
628 794 698 876 vix,
719 810 777 858 aut
789 794 876 859 diem
893 820 998 861 unum
1019 800 1148 889 naviga·

76 901 145 965 turi
163 923 240 964 vere
258 898 387 963 novello
404 901 547 989 auguriis
567 901 694 990 agimur
715 900 845 983 dirum,
861 903 980 967 Incerti
990 927 1054 993 quo
1063 905 1150 993 sate

63 1005 184 1095 fierent
192 1055 203 1086 ,
222 1007 277 1070 ubi
295 1008 397 1069 sistere
415 1007 519 1071 detur.
533 1005 563 1071 N
566 1029 602 1070 ec
624 1029 757 1070 cursum
775 1007 1017 1096 auspicantibus
1032 1010 1151 1076 desunt

76 1113 243 1200 lacrymae:
254 1112 288 1174 in
301 1110 504 1199 profundum
519 1113 627 1176 exules
644 1113 789 1194 ferimur,
805 1113 902 1176 chara
915 1130 947 1177 et
960 1116 1078 1180 caelesti
1092 1141 1151 1205 pa-

76 1219 155 1300 tria,
170 1216 258 1281 unde
271 1217 363 1306 origo
382 1235 447 1299 est,
466 1219 603 1299 exclusi3
617 1242 734 1305 quarn,
746 1243 813 1283 non
825 1220 887 1283 nisi
899 1221 1061 1308 sapienter
1072 1246 1148 1312 per·

77 1347 193 1388 menso
203 1346 350 1411 aequore,
361 1323 510 1387 hostibus
522 1324 657 1411 pulchre
671 1325 896 1413 triumphatis,
909 1343 1069 1415 raptoque
1082 1330 1147 1393 vel·

77 1431 158 1511 lere,
178 1429 370 1493 conceditur
385 1446 541 1518 repetere.
559 1430 740 1518 Quumque
753 1429 794 1494 ad
811 1430 845 1494 id
862 1432 1001 1495 maxime
1021 1435 1150 1499 anhela·

77 1556 168 1624 mus,
194 1534 322 1598 recluso
340 1556 467 1599 carcere
486 1536 577 1599 venti
592 1558 706 1599 saevam
721 1535 880 1619 hiemem,
896 1536 1001 1600 nubes
1016 1537 1149 1622 densas,
1245 1516 1247 1523 .

77 1641 306 1728 insolitamque
328 1642 496 1730 caliginem
510 1642 611 1705 oculis
630 1641 839 1724 inducentes,
855 1641 1002 1728 undique
1018 1667 1151 1709 consur·
1245 1718 1247 1722 .

77 1762 175 1836 gunt;
187 1763 220 1810 et
234 1745 351 1810 lluctus
366 1764 472 1811 motos
487 1747 529 1811 ad
543 1747 668 1812 deserta
679 1750 826 1811 referunt
841 1747 946 1827 litora,
960 1771 1026 1834 qno
1038 1750 1149 1814 salutis

76 1869 210 1940 portum
228 1869 355 1941 sperato
374 1853 491 1916 lentius
508 1852 737 1941 ingrediamur.
760 1853 802 1913 Et
818 1873 884 1936 quo
901 1852 1084 1938 graciliores
1101 1871 1149 1918 te·

77 1981 224 2047 nuesque
240 1958 341 2046 magis
360 1974 437 2021 sunt
459 1958 596 2039 tabulae,
623 1979 662 2020 eo
681 1956 817 2044 propius
841 1955 939 2020 instat
953 1959 1149 2044 periculum.

76 2065 207 2129 Solatnr
216 2063 372 2140 tamenid
384 2086 489 2127 unum
501 2064 659 2144 navitam,
672 2061 779 2150 quod,
793 2063 927 2127 natandi
938 2063 1049 2147 initio,
1061 2065 1149 2129 litori

75 2171 181 2258 patrio
197 2169 339 2250 vicinus,
351 2171 483 2250 jacturae
501 2171 610 2234 minus
627 2171 771 2233 facturus
786 2184 853 2250 est,
869 2169 896 2232 si
919 2169 1000 2255 quid
1019 2170 1147 2236 sinistre

77 2280 256 2367 contingat.
274 2282 358 2343 Cum
376 2279 438 2343 illis
460 2279 615 2343 nimirum
629 2279 815 2367 prosperius
830 2278 946 2365 agitur,
959 2277 1018 2364 qui
1034 2300 1149 2342 cursus
1217 2326 1222 2345 .

75 2385 233 2474 longioris
245 2402 387 2449 exsortes
401 2386 575 2450 immatura
595 2402 700 2449 morte
713 2384 811 2448 undis
826 2399 1029 2471 merguntur,
1048 2406 1149 2471 quos·

77 2510 143 2576 que
170 2491 256 2554 inter
272 2491 461 2555 Palemonas
482 2491 560 2556 deos
580 2490 687 2553 Poetae
709 2504 912 2553 enumerant.
933 2489 976 2550 Et
996 2486 1076 2550 illud
1101 2505 1149 2553 est

77 2618 191 2659 cursus
208 2596 412 2684 praeludium.
428 2599 473 2661 At
488 2607 563 2660 curn
578 2597 732 2685 temporis
748 2617 923 2683 progressu
938 2595 1005 2657 sole
1016 2594 1148 2674 jamjam

76 2704 172 2765 altius
199 2701 440 2766 conscendente
465 2702 664 2782 illustratur,
693 2699 819 2786 sudoris
842 2699 940 2786 longe
963 2699 1148 2764 intensioris

77 2808 314 2896 navigationem
326 2808 442 2872 fortior
455 2804 673 2896 prosequitur,
686 2805 742 2869 sed
758 2805 885 2894 gravius
902 2805 1018 2884 sentit,
1031 2820 1063 2867 et
1073 2828 1151 2892 pro·

76 2912 165 2976 videt
190 2913 392 3000 periculum,
411 2912 632 2999 declinatque,
646 2911 771 2974 ratione
790 2925 936 2981 mentem
962 2909 1149 2996 aurigante,

76 3041 149 3104 quae
165 3018 323 3105 quamdiu
349 3041 449 3082 manu
470 3020 633 3082 constanti
655 3016 765 3104 dirigit
788 3016 930 3100 aplustre
945 3012 1044 3091 ratis,
1071 3036 1150 3078 aura

76 3124 162 3188 felici
186 3125 327 3204 juvatur.
348 3106 388 3190 In
412 3125 504 3205 cujus
531 3125 692 3188 sentinam
719 3122 746 3184 si
771 3120 931 3207 appetitus
954 3121 1148 3184 successoris

77 3230 331 3319 haudquaquam
354 3230 445 3318 digni
467 3229 611 3293 adventu
632 3225 826 3306 detruditur,
844 3240 914 3287 turn
940 3223 1047 3287 navita
1067 3225 1150 3290 nihil

76 3334 201 3399 habens
220 3358 295 3398 cum
313 3351 411 3424 portu
427 3348 567 3422 praepete
585 3331 726 3420 negotii,
743 3329 962 3394 valentissimo
981 3346 1076 3393 aestus
1095 3354 1147 3394 ar·

76 3440 177 3504 bitrio
198 3441 392 3528 plerumque
417 3455 571 3528 raptatur.
590 3439 630 3500 In
654 3452 755 3524 syrtes
779 3452 812 3498 et
834 3457 907 3497 saxa
931 3435 1063 3498 latentia
1087 3436 1149 3500 late

76 3545 278 3634 impingitur.
302 3549 341 3609 In
365 3545 441 3608 litus
461 3544 600 3608 trahitur
617 3540 871 3629 Sarpedonium,
886 3539 944 3603 ubi
962 3540 1150 3604 turbulenta

76 3650 218 3738 reperiat
240 3651 366 3733 omnia,
380 3665 438 3712 aut
461 3647 675 3727 Corinthum,
689 3646 748 3708 ubi
770 3646 864 3709 funes
884 3644 1101 3726 tensissimos,
1117 3663 1150 3710 et

76 3758 225 3846 apprime
249 3758 348 3821 fortes
373 3780 490 3821 nervos
515 3755 601 3820 foede
628 3741 780 3818 emolliat.
808 3752 872 3817 Sed
898 3751 978 3840 quid
1001 3755 1028 3815 si
1043 3754 1149 3817 ventis

76 3862 233 3926 omnibus
248 3863 409 3950 impulsus
424 3886 464 3926 eo
476 3862 598 3943 veniat,
610 3860 668 3924 ubi
684 3859 805 3923 mellita
819 3858 925 3921 Circes
939 3857 1056 3944 pocula
1070 3859 1151 3921 offe·

76 3971 212 4035 rantur?
225 3972 345 4036 Nonne
365 3971 459 4059 coepti
474 3968 682 4058 praestabilis,
695 3983 733 4030 ut
749 3965 834 4029 lethe
850 3964 984 4049 lotoque
999 3964 1149 4028 inescatis

76 4076 200 4141 oblivio
224 4077 377 4143 incessit?
390 4075 481 4160 Quid
505 4077 532 4141 si
556 4076 705 4140 Sirenum
722 4095 786 4137 von
809 4068 984 4134 audiatur?
1003 4069 1152 4159 Solisque

986 4174 1014 4239 b.
