2686 4830
140 316 190 435 xri
242 366 392 435 ruer.
424 365 555 433 uovr
585 365 719 433 surr.
747 363 802 431 ru
826 363 935 431 vas.
964 363 1106 433 riae.

187 500 283 571 Obiit
304 514 440 583 autem,
466 512 628 592 regnante
653 497 871 581 Domitiano,
892 495 993 591 paulo
1011 513 1090 567 ante
1110 523 1214 593 quarn

139 623 181 691 de
200 622 418 691 Institutione
438 621 596 689 Oratoria
614 619 790 689 duodecim
811 619 915 689 libros
932 620 1143 716 perfecisset,
1160 621 1213 690 vel

140 744 298 813 edidisset
319 727 569 832 Quintilianus3
603 741 698 835 cujus
716 767 819 836 opus,
845 743 880 811 in
898 769 967 838 quo
985 743 1112 814 Valerii
1140 760 1214 814 tan·

136 893 239 964 quam
263 892 373 962 nuper
398 867 554 936 exstincti
574 865 726 935 luctuosa
755 867 883 936 mentio
915 865 1102 936 celebratur
1129 867 1209 961 (X,

144 1016 180 1081 1,
203 991 293 1088 90),
315 1016 421 1084 quum
440 989 483 1058 ad
508 989 611 1058 finem
636 989 730 1084 regni
750 989 955 1076 Domitiani,
975 991 1065 1060 circa
1083 1017 1211 1062 annum

136 1141 210 1186 aerae
233 1113 381 1210 vulgaris
407 1116 505 1184 XCV
526 1112 579 1182 vel
605 1115 718 1182 XCVI
742 1109 812 1208 (ι),
837 1112 872 1180 in
897 1110 1005 1180 lucem
1031 1112 1211 1207 prodierit,

136 1239 218 1308 satis
244 1253 361 1333 aperte
395 1261 435 1306 ac
463 1235 600 1305 definite
633 1260 701 1330 quo
728 1248 879 1329 tempore
909 1238 1033 1306 Noster
1066 1237 1210 1324 obierit,

134 1359 292 1431 declarat.

185 1483 432 1575 Quintilianus,
450 1482 472 1553 l.
494 1482 515 1552 l.
537 1485 584 1552 si'c
603 1482 807 1578 suffragatur
815 1482 974 1553 Valerio:
990 1486 1149 1554 Multum
1172 1491 1210 1553 in

139 1607 284 1680 Valerio
296 1606 428 1678 Flacco
442 1632 561 1704 nuper
572 1611 771 1676 amisimus.
783 1604 944 1700 Ampium
959 1622 1048 1676 certe
1062 1622 1094 1675 et
1109 1632 1210 1702 grave

135 1732 383 1816 testimonium,
400 1755 532 1799 necnon
551 1730 704 1823 obsequii
723 1729 912 1823 suspicione
930 1754 1064 1819 carens,
1082 1731 1208 1826 quippe

134 1854 226 1949 quod
257 1855 390 1923 auctori
418 1867 555 1922 mortuo
584 1853 636 1920 vir
664 1852 750 1920 tanti
770 1851 890 1946 judicii
922 1853 1042 1921 trib'uit
1071 1854 1106 1920 in
1131 1879 1209 1948 pro·

134 1973 285 2072 patulo(
310 1975 335 2070 t·

134 2244 164 2278 21
179 2244 186 2279 :
199 2227 371 2288 «Varronem
388 2225 553 2296 primamque
568 2237 652 2278 ratem
667 2243 726 2297 quae
740 2227 840 2279 nesciat
853 2237 930 2288 etas,
949 2210 1089 2299 Aureaque
1099 2230 1211 2282 AEsonio

131 2336 205 2396 terga
215 2325 297 2395 petitu
310 2321 391 2377 duci?
405 2346 416 2368 n
436 2321 600 2375 Jamdudum
616 2321 719 2376 dixerat
729 2321 872 2393 Virgilius,
890 2321 988 2393 Georg.
1004 2324 1063 2390 111,
1085 2327 1120 2376 6:
1140 2350 1153 2369 ι
1164 2325 1210 2377 cui

130 2437 184 2470 uon
198 2418 286 2472 dictus
298 2417 381 2492 Hylas
393 2416 475 2488 puer?
488 2443 501 2462 2>
1032 2410 1034 2414 ’
1070 2419 1072 2423 '

167 2542 206 2608 (r)
224 2538 289 2591 vid.
312 2537 442 2591 Dodweli.
463 2540 557 2592 Annal.
576 2539 688 2604 Quintil.
708 2540 776 2593 Sect.
798 2541 883 2603 XXI,
904 2541 1138 2607 uostr.editionis,
1150 2545 1206 2597 vol.

132 2639 205 2701 Vll,
225 2655 287 2708 pag.
302 2640 406 2708 2612q.
1154 2658 1156 2665 ·

166 2765 205 2831 (a)
223 2759 288 2812 vid.
305 2760 359 2812 vol.
379 2760 430 2822 IV,
443 2779 506 2831 pag.
518 2768 552 2830 74
565 2799 572 2824 ,
587 2761 702 2826 Quintil.
717 2775 800 2815 nostr,
819 2760 883 2814 edit.
905 2773 930 2815 et
948 2762 1120 2817 Praefationes
1132 2765 1204 2818 infra

129 2858 224 2910 reldtas
238 2854 323 2909 Nicol.
334 2855 435 2908 Heinsii
449 2873 527 2919 xciv,
544 2869 570 2909 et
580 2858 633 2909 Pet.
644 2857 802 2921 Burmanni,
816 2878 845 2929 p.
857 2877 896 2912 ert
906 2878 946 2930 sq.
957 2873 984 2911 et
995 2878 1081 2914 oxvrrr
1093 2880 1131 2931 sq.
