2686 4830
287 356 359 431 AD
389 352 684 433 LECTOREM
713 353 1059 434 BENEVOLUM.
1165 386 1206 436 x1

128 493 301 572 volentia
319 491 550 591 tradiderit,
573 495 615 571 in
634 495 803 573 latinum
825 523 1063 591 sermonem,
1081 525 1206 603 quan-

130 635 214 696 tum
235 618 374 723 potui,
399 618 690 697 accuratissime
712 619 919 716 transtuli3
941 647 1060 726 quas,
1082 619 1207 699 lector

129 741 303 848 optime,
342 757 435 847 post
476 769 796 849 unumquemque
829 741 978 819 librum
1014 743 1207 849 sepositas

128 865 315 944 invenies.
342 864 546 966 Quasdam
568 894 729 973 quoque
753 883 870 945 notas
898 894 987 944 meo
1008 893 1116 972 penu
1138 865 1207 945 de-

129 1006 337 1096 promptas
367 987 514 1095 adjeci,
538 988 701 1097 quando
732 991 819 1097 ipsa
851 1018 931 1086 res,
963 1006 1032 1068 aut
1064 991 1208 1096 saepius

129 1113 249 1219 hujus
270 1111 461 1191 editionis
485 1113 760 1192 convenientia
788 1130 827 1191 et
857 1113 1005 1191 usitata
1032 1113 1136 1191 ratio
1164 1112 1207 1192 id

129 1236 331 1343 postulare
350 1235 615 1316 videbantur:
642 1235 747 1315 unde
774 1235 956 1344 profecto
985 1235 1207 1315 timendum

129 1361 229 1438 mihi
254 1378 330 1458 est,
356 1389 407 1440 ne
434 1363 478 1440 in
503 1389 623 1468 opere
644 1362 813 1468 eleganti
832 1378 872 1440 et
890 1360 1044 1439 affabre
1059 1389 1208 1469 perpo-

129 1485 201 1562 lito
229 1512 369 1574 manus
396 1512 482 1562 mea
510 1481 622 1564 rudis
650 1502 689 1563 et
716 1485 847 1563 minus
873 1483 1055 1590 leporum
1078 1485 1208 1591 perita

130 1608 359 1715 saepiuscule
382 1606 717 1714 deprehendatur.
956 1693 959 1698 ,

183 1731 514 1838 ClLWagnerum‚
530 1732 643 1840 cujus
660 1734 860 1839 integrum
878 1735 1207 1811 commentarium

130 1856 342 1961 assumpsi,
364 1854 505 1934 ducem
524 1857 568 1933 in
586 1871 699 1933 textu
715 1854 872 1934 edendo
892 1874 1082 1964 sequutus
1099 1886 1204 1954 sum,

130 1979 303 2085 exceptis
329 1995 462 2056 tamen
483 1979 637 2085 aliquot
655 1979 769 2076 locis,
791 2007 880 2086 quae
907 2007 956 2057 ex
979 1980 1210 2088 conjectura

129 2101 209 2206 jam
239 2118 280 2179 et
306 2102 392 2208 ipse
420 2119 657 2199 mutaverat;
678 2102 815 2211 ibique
844 2131 919 2208 ego
953 2091 1021 2181 aut
1052 2105 1208 2182 restitui

130 2225 328 2330 vulgatam
355 2225 587 2323 lectionem,
620 2243 689 2304 aut
717 2225 868 2332 protuli
896 2254 1059 2324 novam,
1087 2246 1210 2333 prout

86 2331 90 2356 ¹
132 2348 361 2427 alterutram
383 2347 541 2428 codices
559 2351 703 2456 optimi
727 2349 953 2428 firmabant.
974 2352 1026 2428 Et
1046 2349 1209 2458 quidem

133 2499 284 2549 summa
312 2472 504 2578 patientia
535 2473 714 2580 miraque
747 2474 959 2578 sagacitate
988 2472 1209 2552 Manuscri-

131 2612 244 2700 ptos,
265 2612 380 2673 antea
401 2597 599 2675 nonsatis
620 2589 790 2682 fideliter
809 2597 1028 2704 inspectos,
1044 2614 1083 2675 et
1097 2599 1209 2703 prin-

131 2720 237 2826 cipes
267 2718 463 2799 editiones
492 2720 701 2827 ipsissimis
730 2720 854 2799 oculis
881 2722 944 2798 vir
968 2720 1015 2798 cl.
1044 2722 1209 2807 Causstu

132 2843 282 2939 revisit,
304 2843 583 2952 «perlegitque3
617 2843 723 2923 unde
751 2845 962 2927 Variantes
997 2845 1207 2925 Lectiones

131 2965 328 3045 nullidum
376 2986 613 3047 memoratas
654 2970 769 3047 eruit.
815 2970 897 3046 Has
930 2995 1069 3046 omnes
1103 2969 1208 3046 infra

132 3091 257 3168 textui
290 3089 487 3198 subjectas
515 3092 630 3170 lineis
663 3093 829 3197 integris
857 3090 993 3169 videre
1026 3108 1097 3170 est.
1127 3093 1207 3194 Qui

133 3241 225 3292 vcro
242 3213 343 3293 MSS
362 3233 402 3293 et
417 3242 506 3322 quae
525 3212 616 3293 edd.
637 3212 688 3291 ad
708 3241 773 3292 eas
792 3211 981 3293 lectiones
1002 3214 1211 3294 conficicn-
1308 3211 1313 3216 ⁸

133 3335 203 3415 das
217 3337 365 3417 fuerint
379 3336 590 3435 adhibitae,
610 3338 642 3415 si
657 3338 793 3444 paucis
810 3337 1063 3436 edisseratur,
1077 3367 1209 3446 operae

132 3460 304 3565 pretium
320 3460 406 3539 fore
421 3460 609 3539 arbitror.

184 3583 446 3690 Manuscripti
460 3582 542 3662 duo
556 3602 670 3682 sunt,
688 3585 783 3662 olim
803 3584 853 3664 ab
869 3587 983 3664 Italia
998 3587 1040 3663 in
1055 3586 1206 3665 ultimis

132 3704 246 3786 bellis
266 3708 465 3788 Lutetiam
484 3708 660 3806 advecti;
682 3737 816 3816 nuper
832 3728 980 3810 autem,
1002 3709 1210 3790 Ludovico

132 3831 268 3910 XVIII
280 3860 436 3938 pacem,
446 3833 642 3940 justitiam
653 3850 693 3911 et
706 3832 826 3912 fidem
838 3862 969 3913 secum
979 3834 1209 3934 reducente,

131 3953 331 4034 veteribus
348 3954 522 4034 dominis
540 3955 726 4035 restituti.
741 3957 858 4034 Prior
865 3957 1098 4055 Vaticanus,
1122 3961 1209 4061 0m7

133 4079 243 4155 nium
261 4079 578 4187 antiquissimus,
599 4108 645 4158 ex
662 4107 744 4187 quo
760 4107 897 4162 omnes
911 4076 1123 4163 defluxisse
1137 4112 1212 4189 pua
