2686 4830
128 372 154 420 x
258 340 616 422 PRAEMONITIO
643 343 778 422 NOVI
807 341 1063 422 EDITORIS

128 481 289 561 ferenda
316 511 408 561 eum
429 484 644 590 Apollonio
663 483 841 562 Maronis
863 484 1040 562 earmina
1065 487 1205 564 recita-

127 634 210 683 rem
221 607 290 711 (1).
306 606 481 686 Proinde
495 635 619 715 quum
627 608 775 686 Valerii
787 607 918 686 Flacci
932 609 1203 713 Argonautica

127 760 210 810 non
238 733 352 810 novis
381 749 536 811 tantum
560 734 689 840 typis,
716 732 785 812 sed
811 732 918 811 curis
944 733 1062 812 etiam
1089 737 1203 813 novis

125 873 285 934 auctum
306 855 624 965 illustratumque
640 856 793 964 publici
809 856 912 963 juris
932 856 1060 936 facere
1080 857 1202 961 desti-

125 1008 284 1078 narem,
319 981 452 1059 statim
478 982 608 1060 virum
636 983 744 1060 hunc
772 980 956 1061 doctrina
985 983 1136 1089 pariter
1163 1001 1202 1062 et

123 1104 274 1210 ingenii
291 1103 455 1184 dotibus
472 1104 830 1184 commendabilem
847 1103 929 1182 adii
947 1118 1201 1211 precaturus,

124 1228 156 1306 si
178 1227 282 1307 forte
303 1230 344 1306 in
365 1246 519 1336 partem
541 1228 725 1308 labonun
749 1257 928 1309 meorum
942 1230 1095 1329 venire,
1118 1233 1202 1309 exi·

124 1353 301 1460 miasque
320 1369 454 1451 notas,
476 1354 693 1462 maximum
715 1352 837 1461 hujus
862 1352 1052 1432 editionis
1075 1355 1203 1434 incre-

124 1493 320 1572 mentum,
345 1474 461 1554 edere
480 1474 732 1581 dignaretur3
751 1496 880 1584 neque
893 1476 1110 1556 verendum
1125 1507 1202 1584 pu-

123 1600 219 1697 tavi,
243 1627 315 1697 ne,
335 1628 459 1707 quum
477 1601 631 1706 peritus
651 1599 758 1679 idem
782 1600 833 1678 sit
855 1600 1037 1680 Arabicae
1056 1602 1202 1706 linguae

121 1722 325 1829 professor
346 1739 386 1801 et
406 1723 449 1801 in
465 1722 620 1802 diversa
635 1721 768 1801 studia
784 1724 950 1803 omnino
967 1722 1200 1823 distractuS,

122 1848 230 1926 hunc
251 1845 463 1925 Pharsaliae
482 1875 638 1926 versum
662 1846 845 1952 (libtlt,
869 1849 988 1953 247),
1012 1848 1111 1925 mihi
1134 1877 1200 1927 ro-

123 1971 232 2075 ganti
255 1970 355 2047 male
376 1969 516 2048 feriata
535 1973 754 2080 succineret
774 1971 946 2050 invidia:

242 2154 378 2248 Ignotum
393 2167 495 2241 vobis,
512 2173 635 2239 Arabes,
651 2172 771 2229 venistis
786 2172 816 2228 in
830 2173 937 2228 orbem.

75 2436 77 2443 s
120 2370 239 2448 Nam·
230 2385 500 2481 utriuslue
491 2367 618 2478 illius*
610 2367 727 2476 :orbis
754 2369 1027 2473 Argonautirr
1049 2368 1199 2446 nullam

121 2491 217 2568 nori
211 2491 466 2610 regtonem,
441 2489 533 2611 ·ir'el·
538 2459 739 2585 Graecam,
758 2488 818 2565 vel
838 2489 1040 2586 Latinam,
1062 2491 1200 2569 lustra-

122 2631 202 2692 tam
233 2601 362 2732 atq'tr'e
368 2617 626 2732 perspectam
653 2610 787 2690 habet

173 2735 255 2818 Sed
252 2736 527 2856 plurtmus
481 2735 613 2848 labpr
639 2736 900 2844 corporisque
925 2704 1149 2816 valetudo
1138 2769 1199 2816 m-

120 2861 269 2960 firma,·
275 2889 401 2968 quum
413 2886 506 2967 apso
517 2832 635 2938 bima
656 2860 862 2938 voluntate
883 2889 958 2939 nos
982 2890 1198 2971 proseque-

119 3004 246 3081 retur,
267 2983 556 3091 impedimento
576 2982 701 3082 fuere,
727 3011 778 3061 ne
797 2984 961 3089 longum
981 2988 1198 3094 susciperet

121 3138 240 3216 opus,
255 3109 319 3187 cui
338 3108 532 3215 imparem
553 3105 749 3186 modestia
768 3124 924 3186 tantum
945 3136 1015 3187 sua
1035 3137 1125 3188 eum
1145 3110 1197 3188 fa-

122 3232 263 3311 ciebat.
290 3233 381 3332 Qua
411 3259 480 3338 spe
508 3230 704 3338 dejectus,
731 3231 843 3309 nolui
866 3249 1004 3310 tamen
1031 3233 1197 3314 lectores

120 3356 242 3436 tantis
266 3354 412 3462 opibus
433 3356 598 3433 omnino
622 3353 874 3452 defraudari,
903 3354 1219 3435 doctissimum

120 3509 197 3590 que
222 3479 489 3587 professorem
514 3479 673 3583 rogavi,
704 3495 912 3578 utnotas,
934 3507 1032 3587 quas
1059 3508 1196 3561 omnes

120 3605 257 3711 gallice
293 3603 524 3709 scripserat,
558 3630 710 3681 mecum
745 3603 1038 3682 communicare
1068 3605 1194 3684 vellet.
1226 3634 1236 3653 χ

120 3731 196 3807 Eas
218 3728 342 3833 igitur
362 3755 485 3834 quum
506 3727 604 3804 mihi
626 3756 701 3833 pro
718 3730 904 3807 comitate
925 3745 1054 3806 suaet
1074 3728 1194 3807 bene-

159 3995 201 4074 (1)
213 3993 279 4052 Vid.
296 4015 360 4073 pag.
378 3995 453 4066 633,
469 3995 576 4055 volum.
587 3999 657 4066 VII,
674 3965 929 4052 nostraeirditionis
941 3994 1123 4071 Virgilianae,
1144 3993 1194 4055 ubi

33 4147 39 4152 .
117 4114 171 4180 per
183 4094 350 4165 transitum,
363 4092 430 4154 anni
442 4107 471 4152 et
483 4105 650 4171 argumenta
664 4093 768 4154 harum
787 4093 946 4160 lectionum
958 4091 1133 4154 indicantur.
