2686 4830
248 358 321 434 AD
349 354 645 436 LECTOREM
673 357 1017 438 BENEVOLUM.
1127 391 1177 441 xv

98 495 297 576 habendae
327 513 421 575 sunt
451 497 747 578 emendationes
771 527 860 607 quae
884 501 927 578 in
950 502 1036 579 istis
1065 501 1178 582 codi-

99 621 214 701 cibus
236 639 466 701 occurrunt.

152 747 268 825 Juvat
299 773 407 827 nunc
437 747 648 854 praecipuae
683 749 890 855 scripturae
920 749 1187 856 compendia,

100 871 247 980 quibus
269 889 309 951 et
336 871 597 978 Manuscripti
629 889 669 951 et
696 871 893 952 editiones
920 875 963 950 in
986 903 1067 953 var.
1088 875 1175 953 lect.

69 997 75 1016 '
99 995 377 1102 designantur,
399 995 453 1075 ob
473 994 610 1073 oculos
630 1023 780 1102 ponere
803 1015 843 1074 et
868 995 979 1075 brevi
1004 997 1177 1105 quadam

100 1119 235 1198 tabula
264 1120 472 1227 explicare.

210 1318 288 1382 Αἶά.
373 1317 408 1382 id
421 1334 488 1400 est,
508 1317 608 1382 editio
626 1318 763 1399 Aldina,
902 1320 1061 1386 an.1523.

211 1443 333 1506 Boron.
351 1441 421 1505 cod.
440 1478 485 1490 -
508 1442 723 1519 Bononiensis
738 1442 851 1507 codex.

212 1567 334 1630 Boron.
352 1567 381 1630 I.
442 1604 486 1615 —-
508 1568 635 1632 Bonon.
653 1566 730 1632 edit.
749 1569 918 1656 princeps,
968 1572 1063 1655 1474.

211 1689 336 1754 Bonom
353 1690 396 1754 II.
443 1728 487 1739 -
509 1691 724 1754 Bononiensis
740 1692 856 1771 altera,
971 1691 1066 1776 1498.

213 1813 302 1878 Carr.
441 1851 485 1861 -
507 1812 617 1876 Editio
633 1812 715 1876 Lud.
728 1813 909 1892 Carrionis,
968 1811 1061 1879 1565.

211 1936 345 2024 lingent.
438 1974 483 1984 —
505 1935 616 1999 Editio
631 1935 715 1999 Phil.
732 1935 924 2024 Eugentini,
970 1933 1064 1999 1515.

212 2053 483 2146 Ergent.etfil.—'
506 2057 687 2147 Engentini
697 2056 797 2122 editio
813 2071 846 2121 et
859 2055 949 2132 filiae,

513 2181 630 2261 idest,
646 2179 799 2261 Golinaei,
971 2179 1066 2246 1532.

512 2319 546 2367 et
560 2303 719 2390 Gryphii,
971 2303 1064 2381 1545.

211 2433 298 2495 Just.
445 2467 490 2477 —-
512 2429 661 2508 Iuntina,
824 2468 830 2484 ·
932 2473 935 2479 -
972 2427 1066 2516 1517.

211 2554 295 2617 Mas.
445 2590 489 2601 —
511 2551 642 2614 Maserii
659 2549 776 2631 editio,
969 2548 1064 2636 1519.

211 2678 296 2741 Pius.
445 2715 489 2724 -
513 2678 639 2740 Bonon.
657 2697 732 2737 cum
749 2674 835 2736 notis
853 2674 919 2753 Pii,
970 2672 1065 2760 1519.

214 2802 250 2866 V
245 2816 288 2865 at.
303 2801 372 2866 cod.
443 2838 487 2849 -
509 2801 684 2864 Vaticanus
700 2798 813 2863 codex.

212 2926 291 2990 Vera.
439 2963 482 2973 —
506 2925 632 2989 Veneta
643 2923 760 3005 editio,
971 2922 1063 2989 1515.

211 3030 274 3094 Ed.
442 3068 486 3079 -
510 3026 627 3094 Editor
640 3051 764 3108 novus,
970 3028 1064 3108 1814.

152 3208 287 3309 Quum
299 3206 433 3313 plures
442 3205 524 3311 jam
534 3205 789 3309 interpretes,
805 3201 1022 3282 deValerio
1035 3204 1176 3287 Flacco

99 3329 250 3435 optime
272 3329 423 3426 meriti,
447 3327 571 3406 multa
587 3353 705 3432 super
724 3325 809 3432 ejus
832 3328 1007 3407 carmine
1028 3328 1178 3440 disqui-

98 3453 281 3551 siverint,
303 3470 342 3531 et
371 3451 616 3531 acutissimas
644 3467 713 3528 aut
742 3450 874 3557 aliqua
901 3469 1015 3557 parte
1049 3455 1178 3562 singu-

97 3576 200 3659 lares
225 3576 503 3663 inchoaverint
528 3574 841 3681 disputationes,
862 3575 1034 3681 plurima
1058 3580 1177 3660 colle-

98 3699 156 3805 gi,
173 3727 269 3807 quae
287 3696 518 3806 cognitione
546 3696 780 3805 dignissima
808 3699 933 3777 textui
959 3701 1177 3805 praemitte-

98 3839 249 3902 rentur.
275 3826 411 3927 Quare
437 3823 571 3902 statim
592 3821 813 3929 prodeunt,
835 3849 919 3899 non
940 3851 1020 3900 una
1029 3824 1177 3906 Valerii

97 3947 196 4044 vita,
213 3920 484 4027 dedicationes
507 3975 631 4056 quum
660 3945 817 4041 strict0,
840 3962 925 4022 tum
947 3947 1078 4025 soluto
1097 3977 1178 4029 ser-

98 4100 234 4171 mone,
261 4071 530 4182 expeditionis
550 4070 830 4176 Argonautica
854 4068 1040 4167 historia,
1064 4070 1177 4152 deni-
