2686 4830
225 372 335 419 xxvru
626 346 881 415 PRAEFATIO

222 482 339 560 boves,
356 493 413 541 aut
429 475 490 539 alia
508 474 632 562 superis
647 496 735 538 sacra
751 474 901 539 manibus
919 475 1014 541 obvia
1036 479 1158 545 fuerint
1174 484 1290 550 furaci·

223 581 307 647 bus?
318 579 451 645 Subitus
464 577 600 665 Cyzicus
617 575 757 640 terreat?
768 577 809 640 ab
826 592 921 641 antro
937 579 1096 667 prodeant
1108 585 1290 674 Cyclopes?

221 704 390 776 raptumve
406 704 505 772 pecus
522 681 658 746 Cicones
673 680 769 745 armis
785 682 973 768 postulent?
987 685 1094 766 Quam
1110 688 1203 754 avide
1216 714 1290 759 cau·

220 811 290 857 tum
307 789 464 878 repetitur
480 785 665 874 navigium?
678 785 768 868 Quid
785 787 812 849 si
828 787 944 875 septies
960 787 994 851 in
1012 812 1126 855 navem
1142 812 1233 861 cetus
1246 798 1291 863 ef·

219 897 347 962 fertur?
362 895 470 976 Quam
489 892 585 955 invisi
603 908 681 955 sunt
700 889 836 957 fluctus!
855 893 901 955 Ea
916 911 1010 975 sunt,
1025 919 1096 983 quae
1113 916 1287 971 nautarum

220 1018 345 1067 mentes
361 999 562 1089 percellunt,
576 998 728 1080 turbant,
743 997 946 1085 disperdunt.
960 1000 1002 1063 Et
1015 1001 1042 1064 si
1058 1003 1205 1069 Lemnon
1219 1009 1288 1097 peti

218 1107 397 1195 contingit,
412 1122 477 1169 tam
499 1104 600 1192 asperi
624 1103 744 1167 laboris
767 1104 939 1191 praemium
956 1106 1128 1194 voluptatis
1150 1112 1287 1180 mollitie

217 1215 351 1294 tollitur,
363 1213 600 1300 frangitnrque.
618 1210 777 1297 Captiosis
796 1232 937 1298 namque
953 1213 1146 1309 Hypsipyles
1162 1217 1286 1307 laqueis

216 1320 375 1400 irretitus,
391 1317 558 1406 genialiter
569 1315 708 1395 victitat,
721 1332 754 1378 et
770 1337 849 1402 quas
860 1315 988 1394 juvenis
1002 1334 1093 1382 aetate
1106 1343 1190 1387 nova
1200 1325 1286 1391 vires

216 1447 364 1490 exercere
381 1423 533 1503 deberet,
549 1421 679 1509 penitus
697 1435 847 1501 enervat;
864 1422 1020 1510 quodque
1036 1423 1285 1512 despicatiorem

214 1533 304 1611 facit,
320 1552 403 1619 quos
420 1529 475 1593 alti
490 1526 617 1591 aetheris
632 1526 762 1590 futuros
778 1527 947 1616 participes
963 1530 1096 1612 accivit,
1111 1533 1286 1619 profundas

213 1637 357 1701 libidinis
380 1634 496 1722 abysso
517 1632 691 1720 immergit.
710 1633 821 1695 Tantae
837 1650 945 1697 autem
964 1637 1101 1725 energiae
1119 1655 1168 1703 est
1183 1639 1285 1722 hujus

212 1745 310 1832 pestis
331 1741 458 1804 blandae
481 1738 637 1818 suavitas,
656 1754 744 1802 tanta
763 1755 812 1803 est
828 1741 904 1804 mali
925 1741 1095 1821 mulced0‚
1108 1761 1147 1809 ut
1163 1748 1286 1813 sensim

213 1847 330 1913 titillati
343 1867 478 1909 aureum
490 1844 592 1906 vellus
604 1846 799 1932 Argonautae
810 1845 985 1935 negligant.
998 1849 1094 1913 Solus
1103 1850 1194 1915 adest
1204 1855 1286 1921 Jove

211 1955 340 2042 genitus
357 1950 513 2013 Hercules
530 1949 668 2038 integer,
682 1965 849 2038 torpentes
869 1953 995 2018 animos
1011 1954 1152 2022 honesto
1164 1960 1284 2025 verbo·

210 2083 284 2123 rum
304 2057 436 2121 classico
452 2056 641 2142 tempestive
659 2057 820 2138 excitans3
836 2082 902 2145 quo
915 2061 1017 2125 veluti
1033 2084 1150 2151 sopore
1167 2089 1284 2154 exper-

210 2163 343 2255 gefacti,
359 2160 548 2249 pestiferum
572 2162 689 2248 reginae
712 2163 966 2229 contubernium
992 2165 1207 2254 desuescunt,
1228 2195 1283 2238 ce·

211 2272 371 2357 duntque,
380 2267 627 2332 momentariam
639 2267 781 2331 laetitiam
792 2286 960 2348 exuentes,
969 2273 1285 2361 gaudiuminduturi

210 2391 414 2465 perpetuum.
433 2372 496 2437 Sed
517 2373 779 2461 quotusquisque
808 2391 980 2441 nautarum
1011 2381 1094 2443 mala
1122 2382 1284 2462 ejusmodi

209 2504 307 2570 quam
324 2478 512 2543 snavissima
528 2479 597 2542 sine
611 2479 734 2568 gemitu
753 2495 786 2543 et
805 2479 918 2545 dolore
934 2482 1075 2547 deserit?
1085 2486 1147 2550 Vix
1163 2489 1283 2555 minaci

208 2587 357 2653 Herculis
373 2585 503 2648 monitu
521 2583 672 2649 educitur
692 2586 807 2667 Jason;
825 2587 879 2650 vix
892 2586 1031 2653 AEneam
1047 2592 1174 2679 lepidus
1192 2595 1282 2660 Mer·

209 2695 292 2759 curii
308 2716 416 2758 sermo
434 2692 566 2772 liberat3
583 2692 637 2755 vix
655 2715 784 2756 summa
801 2694 938 2759 Palladis
955 2698 1110 2785 sapientia
1130 2701 1282 2788 Ulyssem

209 2800 334 2863 evellit:
351 2821 435 2886 quos
461 2813 525 2861 tres
551 2796 783 2884 peritissimum
810 2821 974 2887 quemque
1000 2804 1140 2868 navitam
1162 2808 1281 2892 minis,

208 2905 379 2981 facundia,
402 2920 435 2968 et
454 2902 645 2991 prudentia,
662 2903 887 2969 illecebrarum
914 2907 1035 2971 circulo
1062 2929 1281 2999 praereptum,

189 3003 387 3100 'exprimere
401 3010 547 3075 dixerim.
561 3010 625 3074 Sed
638 3033 699 3074 nec
713 3026 830 3074 tenerae
841 3012 969 3077 virtutis
983 3013 1182 3081 adminiculo
1194 3019 1281 3085 bene

207 3118 383 3198 stabilitus,
400 3131 475 3205 post
495 3116 658 3180 imbellem
682 3117 872 3204 pueritiam,
886 3115 1121 3208 flagrantesque
1147 3125 1280 3191 effrenae

205 3226 383 3306 juventutis
398 3242 510 3306 aestus,
522 3226 614 3289 novis
627 3225 794 3290 laboribus
808 3227 1028 3314 mancipatum
1041 3231 1121 3317 quin
1135 3233 1280 3322 omnige·
1323 3262 1326 3267 ·

206 3332 257 3395 nis
275 3352 343 3393 sese
360 3352 525 3418 exponens
539 3329 634 3410 vitiis,
652 3329 833 3417 proborum
849 3330 992 3395 caedibus
1008 3355 1068 3419 per
1084 3335 1279 3423 impruden-

206 3437 284 3500 tiam
298 3435 463 3500 interdum
480 3458 597 3499 manus
613 3434 760 3498 duriores
777 3437 991 3520 contaminat,
1005 3440 1104 3504 violat
1117 3441 1278 3530 hospitia,

205 3543 382 3608 arctissima
399 3542 547 3606 amicitiae
562 3541 691 3605 vincula
714 3540 821 3629 gladio
842 3543 1028 3632 confringit.
1051 3549 1210 3612 Caeterum
1227 3551 1278 3615 fa·

205 3650 298 3712 cinus
314 3647 492 3713 admissum
507 3669 761 3736 recognoscens,
774 3647 1017 3738 exhorrensque
1031 3675 1192 3718 summam
1206 3679 1278 3743 par·

204 3754 436 3831 ricidiilabem‚
446 3754 562 3816 mentis
572 3752 836 3840 tranquillitatem
846 3772 1000 3838 meretur,
1011 3780 1165 3847 sacraque
1175 3761 1276 3846 unda,

205 3875 237 3923 et
248 3859 400 3948 precibus
412 3881 480 3922 non
495 3856 607 3945 paucis
619 3857 788 3940 lustratus,
802 3883 917 3924 navent
930 3864 1058 3951 repetit.
1074 3866 1159 3929 Tum
1175 3868 1279 3934 oritur

201 3979 314 4051 gratus
327 3987 484 4028 remorum
505 3965 641 4042 sonitus,
656 3978 688 4027 et
698 3963 782 4029 laetoe
794 3969 964 4032 concordio
978 3971 1065 4033 noeis
1072 4018 1082 4049 ,
1096 3984 1191 4059 atque
1204 3975 1276 4038 viro

202 4071 333 4135 redeunt
343 4073 451 4135 animi.
464 4071 579 4157 Itaque
590 4069 768 4148 juventutis
784 4071 903 4139 fretum
917 4097 1063 4163 egressus
1077 4077 1275 4164 profundius
