2686 4830
39 390 46 421 Ι

130 395 186 446 xn
267 366 625 446 PRAEMONITIO
652 367 787 445 NOVI
817 367 1069 446 EDITORIS

132 524 190 586 tat
209 508 449 605 politianus,
472 526 511 588 et
536 536 655 616 quem
683 511 776 587 Pius
798 526 913 588 vocat
937 507 1112 588 codicem
1138 540 1207 589 oe-

130 629 320 708 nerundce
346 649 384 709 et
411 630 692 710 exosculandae
716 632 968 738 antiquitatis
982 634 1059 737 (1);
1080 634 1206 726 in-d:

131 756 312 860 signatur
338 784 446 833 num.
465 756 580 860 3277.
602 757 719 834 Hunc
744 756 785 832 in
812 755 996 834 manibus
1014 756 1210 835 habuerat

130 878 341 974 Heinsius,
371 907 496 986 quum
526 880 662 956 Romae
687 895 930 976 versaretur,
956 879 1209 987 optimusque
1239 856 1242 872 ’

129 1000 319 1079 lectiones
336 1000 431 1080 inde
452 1001 663 1106 selegerat3
681 1001 750 1079 sed
771 1028 895 1107 opere
911 1003 1072 1099 amisso,
1088 1003 1208 1082 colla-

131 1124 282 1201 tionem
296 1152 320 1201 a
336 1152 376 1202 se
389 1127 478 1231 ipso
489 1124 634 1203 factam
645 1125 681 1202 ei
694 1123 963 1203 commodavit
972 1126 1101 1204 Lucas
1110 1127 1210 1204 Lan·

132 1274 383 1353 germannus.
413 1251 549 1351 Quum
576 1266 707 1328 autern
732 1250 794 1328 vir
821 1250 867 1328 cl.
894 1249 1060 1328 Cnussru
1088 1251 1210 1327 anim·

131 1371 366 1452 advertisset
385 1374 701 1480 Manuscriptum
723 1402 1012 1481 nonnunquam
1035 1373 1136 1452 male
1155 1376 1211 1452 ci-

131 1497 227 1594 tari,
252 1497 453 1604 multaque
478 1497 643 1593 omissa,
673 1525 762 1603 quae
790 1496 916 1574 lucem
941 1496 1083 1575 afferre
1100 1496 1212 1575 vide-

130 1618 299 1717 bantur,
335 1622 420 1727 ipse
452 1621 644 1725 singulari
682 1648 797 1717 cura,
830 1620 1210 1729 vigilantissimaque

130 1747 351 1831 attentione
373 1762 503 1824 totum
524 1744 703 1823 codicem
730 1744 1058 1850 recognoscebat,
1085 1774 1210 1852 quum

79 1855 83 1869 ⁶
130 1898 242 1974 paene
281 1887 601 1947 consummatum
638 1897 740 1975 opus
780 1868 1019 1974 abrumpere
1050 1887 1210 1947 coactus

60 2055 62 2063 .
129 1991 224 2089 fuit,
242 1992 480 2069 Vaticanum
498 1991 677 2069 codicem
701 1993 814 2070 alteri
841 1992 981 2072 cedere
1008 2021 1030 2070 a
1055 2021 1210 2070 summo

130 2113 303 2192 Praeside
318 2116 375 2219 (2)
407 2114 676 2192 institutionis
707 2115 877 2220 publicae
910 2116 1054 2221 jussus.
1085 2117 1210 2194 Facto

130 2238 356 2337 intervallo,
378 2236 533 2345 prodiit
544 2237 744 2334 Valerius,
759 2236 901 2315 edente
914 2238 1083 2316 feliciter
1092 2236 1212 2316 A'dol-

131 2364 215 2469 pho
230 2363 403 2441 Dureau
416 2363 673 2455 Delnmullc,
702 2390 791 2438 cum
809 2361 930 2439 variis
950 2361 1210 2459 lectionibus,

131 2505 216 2564 tum
244 2515 294 2565 ex
323 2487 428 2584 aliis,
451 2504 537 2564 tum
566 2486 804 2564 eVaticano
833 2484 971 2563 codiee
1000 2487 1209 2592 excerptis.

130 2612 244 2690 Hanc
273 2611 526 2690 collationem
556 2639 680 2718 quum
711 2608 924 2716 diligenter
958 2607 1213 2716 expendisset

130 2736 192 2811 vir
205 2734 253 2812 ol.
270 2735 459 2827 Causam,
483 2762 556 2812 nec
576 2736 672 2812 satis
693 2750 873 2811 accurate
894 2733 1039 2811 factam
1059 2762 1130 2810 suo
1148 2734 1212 2840 ju-

131 2858 240 2939 dicio
268 2856 543 2965 comperisset,
566 2858 750 2936 Vaticani
788 2856 938 2936 codicis
978 2857 1094 2963 copia
1133 2857 1212 2935 hoc

133 2983 293 3062 demum
315 3000 495 3089 tempore
518 3010 656 3060 rursus
683 2980 760 3060 sibi
783 2981 908 3080 facta,
941 2982 1210 3059 intermissum

132 3136 233 3213 opus
247 3106 299 3185 ad
315 3107 435 3185 finem
450 3105 651 3214 perduxit.
1028 3104 1030 3110 ’

119 3300 121 3304 .
184 3230 295 3308 Alter
314 3230 404 3327 MS,
424 3232 494 3338 qui
514 3231 665 3341 pariter
688 3258 738 3308 ex
760 3231 919 3334 integro
942 3227 1108 3306 collatus
1130 3245 1210 3323 est,

130 3352 387 3462 quindecimo
411 3352 553 3430 saeculo
570 3351 730 3429 videtur
751 3369 951 3449 exaratus,
974 3350 1138 3430 minutis
1162 3351 1211 3427 li-

132 3479 248 3576 teris3
271 3495 311 3559 et
330 3476 452 3555 habet
467 3477 510 3552 in
524 3475 680 3552 fronte:
701 3477 772 3551 iste
789 3473 885 3551 liber
901 3490 959 3551 cst
977 3475 1214 3553 monasterii

171 3726 214 3805 (1)
233 3727 345 3788 Soeculo
359 3729 404 3784 IX
418 3723 535 3783 videtur
548 3736 699 3795 exaratus3
716 3724 804 3782 immo
821 3736 851 3781 et
867 3724 981 3800 longius
997 3721 1212 3782 recurrendum

132 3838 189 3898 est,
216 3824 240 3882 si
260 3822 333 3883 fides
355 3822 531 3881 adhibeatur
551 3821 620 3879 huic
641 3835 735 3894 notae,
756 3822 786 3879 in
807 3822 903 3880 fronte
923 3820 1033 3878 codicis
1052 3820 1210 3898 appositae,

131 3942 196 3999 quae
211 3921 330 3998 quidem
348 3921 385 3979 ad
404 3920 520 3978 initium
536 3920 633 3977 saeculi
651 3923 752 3978 XVIII
770 3918 923 3977 referenda
938 3916 1073 3975 videtur:
1093 3918 1211 3972 Valerio

131 4024 236 4091 ¹Flacco
249 4021 283 4076 di
295 4022 429 4076 scrittura
440 4020 473 4076 di
482 4019 561 4074 mille
574 4019 663 4086 anni,·
678 4018 751 4073 libro
765 4018 1013 4074 consemutissimo
1030 4017 1060 4071 in
1069 4033 1206 4090 pergam.

83 4189 84 4192 Ἴ
172 4114 215 4195 (a)
235 4119 278 4174 M.
291 4119 450 4194 Fourcroy,
471 4117 631 4174 Conscillcr
644 4104 755 4172 d’E'iaae.
