2686 4830
196 370 281 416 xxiv
461 344 465 349 ’
530 301 533 309 ’
597 333 857 414 racaneto

197 495 328 566 gravare
341 491 446 539 tentas
455 475 469 538 l
478 489 574 563 putas
587 475 722 563 insuper
732 497 786 538 me
797 498 886 539 arma
898 475 1043 539 theorica
1055 477 1270 565 negotialibus

197 580 422 645 mutaturum?
432 580 566 643 Proram
579 579 640 643 alio
649 578 797 643 reflecte:
811 581 868 667 qui
882 603 899 644 a
914 580 1094 644 natatilium
1103 585 1271 647 consortio

196 690 321 754 alienus
335 686 537 776 Delphinum
556 685 653 751 doces
665 688 881 769 natatiouem,
895 689 1148 777 Cretensemque
1163 690 1271 756 adsci-

196 794 258 858 scis
275 792 488 880 discipulum,
501 807 534 856 te
555 792 652 881 longe
673 794 750 858 artis
772 795 908 857 nauticae
929 794 1133 881 peritiorem:
1149 797 1272 884 quippe

196 899 389 979 suberibus,
414 898 613 986 phellisque,
636 915 669 962 et
684 900 796 988 scirpis
813 899 958 981 adjutus,
976 900 1114 988 plumbo
1131 903 1271 990 gravior,

195 1005 347 1071 cancrina
358 1006 482 1085 jactans
498 1004 646 1085 brachia,
661 1005 860 1068 celerrimam
876 1006 963 1070 inter
975 1004 1094 1073 fluctus
1110 1024 1143 1070 et
1158 1008 1273 1072 rectis·

196 1113 311 1176 simam
331 1126 440 1199 aperte
462 1112 610 1175 mentiris
630 1112 879 1193 jaculationem,
894 1113 1048 1201 solusque
1072 1113 1172 1178 audes
1191 1116 1272 1179 Asa·

196 1217 368 1297 laminius,
397 1232 430 1280 et
456 1239 554 1304 supra
575 1216 712 1280 modurn
729 1219 917 1282 temerarius
939 1217 981 1283 ad
1005 1218 1114 1308 ipsum
1139 1220 1272 1286 Phasim

196 1324 400 1414 Scythicum,
426 1345 494 1386 uon
523 1340 589 1387 tam
626 1323 788 1412 profanis,
810 1347 907 1411 quam
944 1326 1041 1389 sacris
1078 1307 1271 1409 horridum,

195 1431 292 1495 unica
306 1429 445 1494 dissutili
461 1430 579 1517 scapha
595 1431 744 1518 palmulis
762 1432 921 1519 tenuique
943 1431 1075 1495 carbaso
1093 1448 1270 1514 contenta,

195 1554 361 1625 tamquam
379 1536 471 1600 firma
489 1554 523 1600 et
544 1553 675 1627 compte
694 1537 849 1602 adornata
871 1538 1064 1603 navarchide
1085 1540 1272 1626 complures

194 1640 438 1706 transferendos
457 1642 631 1735 suscipere.
647 1643 684 1706 In
706 1661 773 1729 quo
787 1659 903 1732 parum
920 1644 1070 1724 honoris,
1089 1643 1272 1731 plurimum

194 1749 363 1812 calumniae
380 1770 413 1811 es
429 1746 606 1836 pariturus.
626 1747 669 1810 Et
687 1770 790 1834 quum
814 1748 868 1835 (ut
880 1749 989 1836 inquit
1003 1749 1271 1837 Satirographus)

182 1853 286 1942 saror
296 1868 342 1917 est
346 1868 422 1940 post
435 1855 545 1916 omnia
555 1853 686 1940 perdere
699 1853 845 1918 Manlum
853 1879 866 1933 ,·
882 1854 963 1941 quid
974 1854 1173 1918 Nauclerum
1185 1855 1272 1944 agis,

128 1947 131 1953 ⁸
193 1960 422 2049 postNaulum
431 1960 587 2021 amissum
598 1975 630 2021 et
639 1960 808 2041 omnia,te
819 1960 1272 2049 perditurusi’circumspice‚

194 2090 267 2156 quae
288 2065 429 2154 plurima
450 2081 528 2129 sunt
550 2063 674 2151 ubique
696 2083 856 2128 terrarum
876 2068 1008 2131 navalia.
1030 2067 1119 2130 Num
1137 2066 1273 2155 Naupe-

194 2195 254 2262 gus
272 2170 379 2234 trabes
400 2168 558 2233 dolaverit
574 2170 706 2256 aliquas.
726 2170 815 2234 Num
834 2170 996 2234 Naubates
1016 2171 1114 2235 fuerit
1129 2173 1179 2234 vel
1197 2195 1273 2236 cur-

194 2300 266 2341 sum
284 2274 468 2339 meditatus.
484 2275 579 2337 Dices
595 2273 728 2361 quidem
746 2296 807 2361 pro
826 2273 1003 2357 arbitratu,
1018 2276 1108 2362 quod
1123 2275 1273 2341 suadebit

193 2380 393 2470 prolubium.
411 2379 536 2442 Dicent.
553 2379 606 2441 alii
630 2378 827 2465 compluria,
845 2400 929 2464 quos
950 2381 1018 2443 sola
1035 2397 1145 2445 movet
1164 2379 1272 2444 cordis

193 2487 375 2550 virulentia.
389 2484 490 2548 Novit
512 2485 581 2572 ipse
603 2484 685 2547 deus·
701 2499 876 2548 ventorum
897 2486 1052 2567 frenator,
1065 2488 1272 2574 calcatorque

194 2594 350 2682 aequoris,
373 2614 446 2679 quae
470 2615 564 2654 causa
589 2591 858 2655 transfretationis
887 2591 1000 2675 fuerit,
1025 2609 1058 2657 et
1082 2593 1154 2681 quis
1182 2593 1272 2673 traji-

195 2701 309 2764 cientis
323 2699 463 2761 animus.
479 2699 595 2761 Fateor
610 2713 737 2778 tamen,
749 2698 893 2786 ingenue
909 2699 1023 2779 fateor,
1037 2699 1122 2761 inter
1134 2690 1274 2762 Theolo-

195 2829 252 2894 gos
283 2826 352 2869 non
382 2802 586 2890 poenitende,
608 2827 680 2890 quae
699 2802 839 2867 subinde
856 2805 1014 2892 proponis
1035 2821 1271 2893 transgressum

194 2913 252 2976 diu
268 2911 463 2975 cohibuisse.
480 2909 555 2972 Nou
576 2910 663 2971 enim
687 2932 739 2971 me
756 2909 892 2993 latebat,
911 2927 1031 2996 quanta
1048 2925 1126 2973 sunt
1143 2909 1272 2974 invidiae

194 3019 332 3109 spicula:
344 3026 411 3105 q'uo
427 3015 559 3080 turbine
576 3016 658 3078 male
676 3014 848 3080 doctorum
866 3016 978 3079 calami
1002 3015 1035 3077 in
1059 3017 1126 3103 pias
1145 3031 1274 3080 mentes

192 3127 389 3191 vibrantur:
420 3145 518 3209 quam
554 3121 661 3209 gravia
693 3138 771 3185 sunt
802 3120 1005 3211 trilinguium
1032 3121 1182 3202 missilia,
1213 3123 1271 3208 qui

194 3233 331 3296 moleste
352 3230 448 3292 laturi
465 3228 673 3292 Valerianum
694 3228 828 3316 pelagus
850 3243 960 3290 nostra
983 3244 1178 3315 occupatum
1200 3250 1273 3291 cor-

195 3339 280 3416 bita,
300 3337 475 3424 piratarum
504 3355 595 3395 more
620 3333 754 3395 celerius
778 3332 945 3419 opinione¹
961 3334 1028 3394 fors
1054 3331 1272 3397 advolabunt:

195 3442 314 3532 quibus
337 3456 411 3527 post
432 3439 570 3526 primam
594 3437 685 3500 facile
704 3438 802 3502 fuerit
818 3459 933 3498 navem
958 3437 1131 3519 fabricare,
1147 3453 1179 3501 et
1192 3439 1272 3502 velis
1319 3453 1325 3465 ‘

194 3568 227 3615 et
241 3547 406 3638 quadrigis
423 3545 584 3634 persequi.
604 3543 773 3622 Ejusmodi
789 3544 940 3606 homiues
958 3543 1073 3631 (siqui
1090 3544 1189 3631 sunt)
1202 3567 1272 3607 cer-

194 3677 264 3723 tum
279 3672 348 3719 erat
364 3653 445 3716 mihi
458 3653 523 3714 lioc
537 3653 571 3714 iu
586 3652 666 3714 mari
682 3666 829 3713 natantes
844 3652 1052 3739 conspicere,
1067 3651 1157 3737 prius
1172 3674 1272 3738 quam

194 3763 293 3827 undis
308 3784 360 3823 me
377 3758 552 3822 crederem.
570 3760 730 3820 Caeterum
750 3755 872 3837 adfuit,
887 3757 1012 3820 utinam
1032 3757 1178 3837 feliciter,
1193 3773 1273 3821 tuus

196 3871 354 3954 meusque
370 3888 437 3928 non
456 3864 532 3926 artis
547 3862 726 3950 proletariae
740 3864 932 3943 Ascensius3
946 3863 1048 3926 homo
1066 3862 1107 3924 ad
1125 3885 1271 3950 unguem

120 3998 124 4011 ¹
196 3975 315 4047 factus3
326 3987 357 4034 et
368 3969 418 4056 (ut
426 3965 633 4032 cumValerio
642 3966 827 4054 concinam)
839 3997 851 4021 «
860 3967 926 4048 Qui
936 3967 1033 4029 maris
1046 3965 1197 4047 insidiaS,
1213 3967 1273 4029 cla·

196 4103 238 4144 rae
252 4078 307 4165 qui
325 4076 427 4139 sidem
443 4072 548 4135 noctis
561 4071 667 4151 Norit,
677 4087 710 4134 et
726 4096 744 4134 e
761 4072 876 4135 clausis
894 4095 992 4159 quem
1007 4071 1273 4134 destinetAEolus
