2686 4830
175 135 245 203 AD
275 137 317 202 R.
344 135 446 203 JUL.
473 134 717 203 MEDICEM
747 134 997 202 FLORENT.
1065 158 1123 204 xm

49 264 185 328 tissimu-
200 263 414 327 collustrabis.
435 263 512 327 Vale
528 279 561 328 et
578 263 650 327 vive
668 280 718 328 ter
734 262 827 344 felix,
845 279 878 327 et
892 286 989 354 supra
1006 266 1125 332 Nesto·

38 391 121 434 rem
136 390 289 432 senesce:
305 389 432 431 memor
445 370 480 430 in
495 369 592 431 horas
606 367 695 431 orbis
704 367 772 432 fere
786 369 886 432 totius
901 370 1014 433 oculos
1026 371 1061 434 in
1076 387 1124 454 te,

35 498 117 541 non
133 497 231 539 secus
251 498 288 539 ae
303 473 495 539 Pontificem
514 475 708 556 maximum,
725 497 795 539 esse
811 497 1002 557 convers0s3
1015 474 1126 542 'Plato-

32 581 168 669 nisque
197 572 337 643 subinde
360 580 552 644 sententiam
572 580 659 644 illam
685 602 817 643 auream
842 580 961 644 habeas
983 581 1019 643 iu
1046 604 1122 665 ore,

30 710 150 776 quam
166 686 201 748 in
216 684 355 774 quadam
367 684 409 749 ad
421 686 619 773 Dionysium
633 685 768 773 epistola
781 685 922 773 reperies
933 686 985 750 his
997 688 1123 753 verbis:

36 793 152 858 «Non
167 807 216 856 est
232 790 463 881 negligendum
476 814 495 854 a
512 791 624 874 nobis,
641 790 699 855 sed
714 814 825 854 curam
839 791 1028 856 habendum
1044 809 1128 858 tem·

31 899 143 989 poris
158 897 397 985 subsequentis.
411 897 464 961 Fit
481 898 569 961 enim
586 913 702 961 natura
721 897 860 984 quadam
879 915 917 962 ut
932 899 1128 988 ignavissimi

47 1005 207 1070 homines
219 996 305 1066 'nihil
325 1019 459 1086 curent,
483 1027 555 1092 quae
573 1005 616 1067 sit
629 1003 670 1068 de
684 1005 762 1092 ipsis
776 1006 887 1068 futura
904 1006 1026 1094 opinio.
1046 1007 1128 1072 Pro·

40 1109 210 1174 laetissimi
230 1124 339 1172 autem
354 1109 414 1172 viri
434 1125 551 1172 cuncta
565 1109 708 1189 faciunt,
727 1109 845 1195 quoin
867 1110 988 1174 futuris
1003 1112 1128 1177 saeculis

43 1215 137 1279 bene
155 1214 197 1278 de
219 1237 254 1279 se
268 1215 440 1302 loquentes
457 1214 607 1279 homines
622 1215 791 1279 audiant».
805 1214 912 1296 Quam
934 1239 995 1305 ego
1012 1217 1124 1298 conje-

53 1337 180 1384 cturam
198 1319 302 1401 facio,
321 1341 390 1383 esse
409 1319 551 1407 aliquem
567 1342 718 1400 sensum,
741 1320 792 1383 his
815 1320 872 1406 qui
892 1322 1016 1385 mortui
1035 1339 1132 1420 sunt,

53 1448 164 1489 rerum
192 1440 390 1488 nostrarum.
423 1424 589 1506 Quoniam
611 1425 727 1513 optimi
751 1425 852 1487 animi
875 1426 920 1487 sie
943 1428 1026 1489 forte
1051 1427 1132 1491 divi·

57 1547 151 1613 nant,
164 1529 330 1595 deterrimi
339 1546 449 1593 autem
461 1553 680 1618 nequaquam.
697 1529 817 1611 Quare,
831 1529 984 1618 Princeps
997 1532 1132 1618 optime,

59 1636 161 1705 multo
178 1635 279 1724 magis
298 1658 428 1715 verere,
450 1634 594 1721 quidde
617 1650 649 1698 te
670 1634 748 1697 hine
772 1632 813 1717 ad
837 1656 939 1698 anuos
964 1652 1132 1702 sexcentos

60 1742 235 1831 loquentur
251 1740 410 1823 historiae,
427 1764 526 1827 quam
543 1764 658 1805 eorum
678 1740 872 1821 hominum,
895 1743 952 1828 qui
971 1742 1070 1807 hodie
1086 1744 1133 1807 vi-

63 1863 157 1930 vunt,
176 1842 384 1911 rumusculus
400 1845 539 1935 ineptos.
566 1848 689 1910 lterum
710 1845 779 1909 vale
797 1845 971 1911 terheatus.
