2686 4830
67 417 341 440 mmmmm
347 417 849 439 ΜΜΜΜΜΜΜΜΜἈὯ
852 419 1128 440 mmmm

232 663 645 825 emmanu
691 643 964 775 aarum

551 955 657 1014 vm,
724 931 727 936 ’

360 1086 668 1220 AUCTORE
712 1145 842 1242 1³10,

168 1374 222 1418 an
256 1351 581 1419 irracunnrnnn
614 1376 788 1449 nuruum
818 1376 1033 1440 musornn,

199 1524 421 1570 PATRONUM
446 1523 672 1575 causalium
699 1526 999 1572 BONONIENSBM.

295 1776 298 1782 ·
399 1769 795 1803 “ee——

64 1977 244 2077 Vtuntur
262 2009 408 2073 Fraccr
423 2011 687 2098 Argonautarum
705 2008 886 2074 doctissimi
900 2013 981 2074 ratis
992 2060 1001 2092 ,
1010 2010 1134 2091 judicio

63 2117 150 2180 Fabii
160 2117 371 2198 Quintiliani,
389 2112 765 2206 omnium'ingeniorum
779 2119 940 2200 censoris,
952 2120 1047 2184 obitu
1056 2143 1136 2208 praa·

62 2245 201 2312 propero
213 2238 247 2286 et
259 2223 452 2304 immaturo,
471 2223 569 2287 latina
582 2246 634 2286 res
647 2225 828 2312 plurimum
842 2224 959 2291 amisit.
976 2226 1062 2289 Sunt
1078 2228 1135 2314 qui

62 2328 251 2394 Patavinum
267 2331 319 2394 vel
337 2331 545 2417 Aponensem
561 2330 679 2411 velint,
695 2330 747 2394 his
763 2330 1017 2420 epigrammatici
1032 2348 1135 2422 poetas

62 2435 205 2522 persuasi
221 2434 348 2516 verbis,
362 2434 458 2501 Mart.
478 2434 534 2500 lib.
549 2435 582 2515 l,
598 2434 698 2524 epigr.
713 2458 773 2523 77:
800 2438 803 2443 '

201 2600 226 2653 Ο
240 2599 307 2652 mihi
320 2618 446 2660 curarum
457 2599 574 2673 pretium
585 2619 640 2654 nou
650 2601 702 2654 vile
712 2619 850 2661 mearum,

236 2690 345 2754 Flacca,
355 2691 498 2759 Antenorei
508 2708 567 2761 spes
577 2703 603 2744 et
613 2692 722 2761 alumne
734 2692 797 2745 laris
808 2733 815 2757 ,
902 2695 916 2724 '¹

199 2777 298 2832 Pierios
308 2776 389 2831 differ
398 2773 545 2851 captimque
556 2778 706 2851 chorosque
717 2798 837 2834 sororum
851 2797 859 2831 ε

236 2868 283 2918 AEs
293 2865 369 2920 dabit
383 2885 414 2919 ex
426 2865 481 2919 istis
494 2867 569 2920 nulla
579 2867 668 2939 puella
678 2867 747 2920 tibi..
758 2906 765 2919 .
776 2905 783 2919 .
794 2905 800 2918 .

200 2951 274 3019 Quid
284 2953 333 3005 tibi
342 2944 404 3006 cum
413 2953 533 3026 Cyrrhd?
547 2955 612 3025 quid
621 2972 683 3008 cum
692 2953 859 3008 Permesside
868 2954 958 3007 nuda?

235 3042 386 3093 Romanum
396 3041 521 3112 propius,
536 3040 698 3112 divitiusque
708 3042 797 3095 forum
811 3055 859 3097 est.

201 3128 260 3182 Illic
272 3145 323 3181 tera
334 3139 430 3183 sonant
442 3147 448 3180 :
461 3141 487 3186 at
501 3128 603 3186 circum
613 3129 718 3200 pulpita
730 3140 821 3182 nostra
834 3169 842 3195 ,

236 3216 268 3269 Et
279 3216 379 3270 steriles
392 3215 545 3280 cathedras,
557 3216 631 3274 basia
639 3216 694 3269 sola
704 3229 821 3288 crepant.

60 3378 102 3440 lli
118 3377 221 3441 nihilo
237 3377 342 3442 secius
358 3379 459 3443 altero
466 3378 585 3442 Valerii
598 3377 752 3445 Martialis
771 3378 875 3443 allecti
889 3379 1133 3469 epigrammate,

59 3483 149 3562 cujus
166 3483 365 3572 principium
381 3485 446 3548 hcc
464 3484 596 3566 est‚IV,
614 3487 675 3569 41,

199 3642 226 3695 Si
237 3642 298 3713 quis
306 3643 377 3695 forte
387 3642 454 3695 mihi
464 3643 547 3713 possit
556 3653 683 3714 praestare
691 3643 811 3715 roganti,
885 3682 888 3687 .

235 3727 306 3782 Audi
317 3748 397 3800 quem
407 3748 535 3801 puerum,
546 3730 640 3783 Flacca
649 3768 657 3795 ,
667 3750 760 3802 rogare
769 3731 848 3784 velim
858 3748 866 3794 ;

60 3884 224 3973 (venereis
241 3889 418 3978 pollentem
441 3889 601 3953 illecebris
617 3889 746 3977 pullum
762 3889 934 3952 milvinum
959 3888 1134 3975 describit)

61 3994 294 4057 Amazonicum
307 3994 341 4057 in
356 3993 479 4058 deliciis
490 3994 642 4059 habuisse
654 3992 869 4058 contendunt.
877 3993 940 4059 Alii
951 3994 1132 4082 priscorum

62 4099 291 4185 exemplarium
312 4100 407 4163 titulo
424 4100 587 4186 persuasi,
601 4124 619 4163 a
634 4100 719 4163 Setia
735 4098 817 4162 urbe
834 4098 1036 4186 Campaniae,
1050 4099 1132 4162 Seti-
