2686 4830
229 405 1076 429 ΜΜΜΜΜΜΜΜΜΜΜΜΜΜἈἏΜΜΜ
1080 411 1300 433 ΒἊΜἏΜΜ

568 644 959 747 PRAEFATIO

399 901 775 993 EDITIONIS
824 904 1114 992 ALDlNAE.

633 1096 883 1205 nncroat

225 1329 435 1462 Quaerunt
450 1363 491 1427 sit
504 1363 633 1426 Valerio
651 1363 766 1427 Flacco
784 1362 1015 1446 tribuendum,
1028 1366 1120 1430 facile
1136 1390 1175 1432 ex
1194 1369 1301 1451 Quin-

222 1470 334 1533 tiliano
350 1484 453 1557 patet:
466 1469 523 1557 qui
542 1485 669 1532 tantum
687 1469 733 1531 illi
750 1468 853 1535 laudis
869 1470 1026 1557 impertit,
1041 1488 1078 1535 ut
1094 1473 1163 1553 ejus
1179 1474 1299 1539 imma·

221 1592 294 1640 tura
312 1591 417 1639 morte
433 1576 574 1638 multum
593 1575 725 1637 latinam
740 1574 886 1663 linguam
903 1577 1047 1640 amisisse
1063 1578 1218 1661 affirmet,
1235 1604 1299 1646 nec

221 1682 369 1770 prolecto
392 1682 573 1744 immerito:
588 1680 734 1770 praestitit
759 1681 846 1743 enim
868 1682 1015 1746 Valerius
1038 1684 1136 1773 longe
1158 1708 1296 1751 suorum

220 1803 407 1874 temporum
419 1786 610 1850 hominihus
624 1785 787 1867 doctrina,
801 1787 974 1874 elegantia,
988 1805 1020 1851 et
1033 1788 1185 1877 ingenim
1197 1807 1297 1879 atque

219 1916 257 1957 ea
267 1894 419 1957 varietate
435 1916 519 1981 opus
531 1893 665 1981 aspersit
679 1916 794 1975 suum,
810 1911 846 1957 ut
861 1918 937 1958 cum
958 1918 1086 1959 summa
1105 1897 1220 1961 laetitiae
1234 1922 1296 1963 vo·

217 2001 341 2086 luptate
352 1998 535 2086 legentibus
549 1999 660 2086 prosit.
674 2000 817 2063 Illustrat
831 2000 964 2087 quidem
978 2003 1148 2083 lasonem,
1162 2018 1296 2069 caeteros

219 2106 443 2192 Argonautas:
462 2101 518 2165 sed
541 2101 575 2165 id
600 2125 636 2164 ea
660 2120 771 2166 mente
791 2105 885 2184 facit,
900 2121 938 2167 ut
963 2106 1048 2169 inter
1064 2109 1294 2192 electissimos,

218 2207 566 2297 praestautissimosque
584 2209 670 2270 viros
694 2208 875 2295 principem
900 2209 1007 2272 virum
1028 2211 1188 2276 describat
1209 2238 1294 2302 prae·

219 2314 469 2394 stantissimum3
483 2330 516 2378 et
529 2314 765 2402 peregrinantis
779 2313 933 2395 hominis,
948 2315 1121 2404 gloriaeque
1130 2320 1297 2384 immorta-

218 2425 306 2491 litate
328 2421 490 2507 flagrantis
508 2419 613 2484 varios
635 2420 854 2508 ancipitesque
879 2443 970 2484 casus
999 2439 1167 2489 monstret.
1190 2424 1292 2505 Quod

217 2533 343 2597 utinam
368 2543 557 2614 susceptum
580 2547 702 2588 munus
727 2523 887 2589 conficere
911 2527 1085 2613 potuisset!
1099 2529 1178 2616 quid
1201 2532 1291 2594 enim

217 2654 267 2702 est
276 2636 362 2699 illius
373 2632 499 2719 scriptis
508 2630 706 2711 jucundius,
718 2645 752 2693 et
761 2629 803 2693 ad
811 2630 1010 2718 voluptatem
1021 2633 1155 2721 legentis
1167 2657 1293 2699 accom-

217 2741 380 2807 modatius
389 2738 402 2802 ξ’
411 2737 469 2801 sed
480 2758 541 2800 nec
552 2751 703 2800 octavum
715 2734 848 2822 quidem
860 2735 979 2800 librum
990 2755 1097 2801 morte
1106 2757 1293 2827 praeventus

214 2846 369 2936 perficere
384 2843 502 2934 potuit.
518 2844 632 2928 Itaque
646 2864 707 2904 nos
722 2864 826 2929 quum
841 2865 913 2929 quae
927 2842 1022 2908 nobis
1036 2845 1236 2932 reliquisset,
1246 2849 1292 2913 ita

216 2951 495 3018 emendaverimus
505 2996 514 3029 ,
524 2964 561 3011 ut
573 2970 692 3036 pauca,
703 2963 761 3011 aut
770 2949 858 3012 nulla
867 2951 951 3030 fere,
961 2949 1136 3014 desiderari
1144 2954 1291 3041 possint,

189 3097 193 3105 ⁴
214 3078 252 3125 ut
268 3061 392 3148 integra
407 3056 544 3120 historia
561 3055 732 3142 cognosci,
746 3056 935 3144 percipique
950 3057 1069 3143 possit,
1084 3080 1122 3120 ea
1136 3058 1290 3137 adjunxi-

215 3188 308 3245 mus,
323 3186 395 3251 quae
410 3163 551 3225 loannes
571 3161 713 3248 Baptista
730 3161 807 3224 Pius
824 3161 1038 3226 Bononiensis
1057 3185 1095 3226 ex
1110 3165 1290 3251 Apollonio

213 3269 364 3349 Rhodio,
383 3291 482 3355 quem
502 3289 608 3330 unum
631 3268 693 3331 sibi
718 3268 852 3331 Flaccus
876 3269 1047 3355 proposuit
1068 3270 1288 3355 imitandum,

212 3378 393 3445 transtulit:
410 3398 470 3439 nec
489 3397 557 3438 non
579 3392 612 3438 et
634 3374 805 3462 Orpheum
824 3397 883 3462 per
901 3374 1193 3442 Mediolanensium
1212 3382 1289 3444 Cri-

211 3486 373 3550 bellorum
386 3481 560 3570 quemdam
572 3480 712 3566 (nomen
724 3479 844 3543 habere
856 3502 924 3542 non
936 3482 1122 3570 potuimus)
1132 3485 1287 3551 Latinum

211 3592 351 3655 factum:
367 3612 440 3677 quae
460 3587 571 3651 omnia
591 3585 635 3648 ita
657 3608 676 3648 a
701 3584 796 3648 nobis
818 3585 920 3650 lector
936 3587 1090 3675 accipias3
1112 3606 1144 3653 et
1163 3592 1287 3674 majora

210 3698 245 3759 in
262 3696 347 3777 dies,
361 3711 394 3759 et
410 3694 544 3758 meliora
560 3706 734 3779 exspectes.
749 3691 837 3754 Vale.

486 3978 1021 4013 -Ὰ-ὠ--ψ-
