<?xml version="1.0" encoding="UTF-8"?>
<!DOCTYPE html PUBLIC "-//W3C//DTD XHTML 1.0 Transitional//EN"
    "http://www.w3.org/TR/xhtml1/DTD/xhtml1-transitional.dtd">
<html xmlns="http://www.w3.org/1999/xhtml" xml:lang="en" lang="en">
 <head>
  <title>
</title>
<meta http-equiv="Content-Type" content="text/html;charset=utf-8" />
  <meta name='ocr-system' content='tesseract 3.04.00' />
  <meta name='ocr-capabilities' content='ocr_page ocr_carea ocr_par ocr_line ocrx_word'/>
</head>
<body>
  <div class='ocr_page' id='page_1' title='image "bibliothecaclas23lemagoog_0051.png"; bbox 0 0 2686 4830; ppageno 0'>
   <div class='ocr_carea' id='block_1_1' title="bbox 130 330 993 402">
    <p class='ocr_par' dir='ltr' id='par_1_1' title="bbox 130 330 993 402">
     <span class='ocr_line' id='line_1_1' title="bbox 130 330 993 402; baseline 0 0"><span class='ocrx_word' id='word_1_1' title='bbox 130 353 264 402; x_wconf 82' lang='lat' dir='ltr'><strong>xxxvnt</strong></span> <span class='ocrx_word' id='word_1_2' title='bbox 345 330 623 399; x_wconf 88' lang='lat' dir='ltr'><strong>PRAEFATIO</strong></span> <span class='ocrx_word' id='word_1_3' title='bbox 659 333 729 398; x_wconf 86' lang='lat' dir='ltr'><strong>JO.</strong></span> <span class='ocrx_word' id='word_1_4' title='bbox 757 333 896 401; x_wconf 85' lang='lat' dir='ltr'><strong>BAPT.</strong></span> <span class='ocrx_word' id='word_1_5' title='bbox 923 332 993 402; x_wconf 93' lang='lat' dir='ltr'><strong>PII</strong></span> 
     </span>
    </p>
   </div>
   <div class='ocr_carea' id='block_1_2' title="bbox 128 459 1209 4149">
    <p class='ocr_par' dir='ltr' id='par_1_2' title="bbox 128 459 1209 4149">
     <span class='ocr_line' id='line_1_2' title="bbox 130 459 1200 554; baseline 0.004 -29"><span class='ocrx_word' id='word_1_6' title='bbox 130 462 269 542; x_wconf 91' lang='lat' dir='ltr'><strong>mulum,</strong></span> <span class='ocrx_word' id='word_1_7' title='bbox 278 460 419 529; x_wconf 85' lang='lat' dir='ltr'>maxime</span> <span class='ocrx_word' id='word_1_8' title='bbox 429 460 595 548; x_wconf 86' lang='lat' dir='ltr'>Princeps,</span> <span class='ocrx_word' id='word_1_9' title='bbox 611 459 702 548; x_wconf 93' lang='lat' dir='ltr'><strong>quod</strong></span> <span class='ocrx_word' id='word_1_10' title='bbox 714 461 913 526; x_wconf 82' lang='lat' dir='ltr'><strong>Florentiam</strong></span> <span class='ocrx_word' id='word_1_11' title='bbox 922 462 1070 550; x_wconf 89' lang='lat' dir='ltr'><strong>patriam,</strong></span> <span class='ocrx_word' id='word_1_12' title='bbox 1082 484 1200 554; x_wconf 82' lang='lat' dir='ltr'><strong>magno</strong></span> 
     </span>
     <span class='ocr_line' id='line_1_3' title="bbox 131 566 1202 656; baseline 0.002 -24"><span class='ocrx_word' id='word_1_13' title='bbox 131 569 216 649; x_wconf 88' lang='lat' dir='ltr'><strong>caeli,</strong></span> <span class='ocrx_word' id='word_1_14' title='bbox 232 566 582 656; x_wconf 84' lang='lat' dir='ltr'><strong>indulgentissimoque</strong></span> <span class='ocrx_word' id='word_1_15' title='bbox 598 567 728 648; x_wconf 85' lang='lat' dir='ltr'><strong>favore,</strong></span> <span class='ocrx_word' id='word_1_16' title='bbox 744 567 877 631; x_wconf 89' lang='lat' dir='ltr'><strong>sortitus</strong></span> <span class='ocrx_word' id='word_1_17' title='bbox 892 590 944 649; x_wconf 92' lang='lat' dir='ltr'><strong>es,</strong></span> <span class='ocrx_word' id='word_1_18' title='bbox 964 591 1064 631; x_wconf 89' lang='lat' dir='ltr'><strong>unam</strong></span> <span class='ocrx_word' id='word_1_19' title='bbox 1078 569 1113 632; x_wconf 90' lang='lat' dir='ltr'><strong>in</strong></span> <span class='ocrx_word' id='word_1_20' title='bbox 1129 590 1202 634; x_wconf 85' lang='lat' dir='ltr'><strong>otn-</strong></span> 
     </span>
     <span class='ocr_line' id='line_1_4' title="bbox 130 670 1203 763; baseline 0.002 -26"><span class='ocrx_word' id='word_1_21' title='bbox 130 675 227 738; x_wconf 90' lang='lat' dir='ltr'><strong>nihus</strong></span> <span class='ocrx_word' id='word_1_22' title='bbox 245 673 339 736; x_wconf 89' lang='lat' dir='ltr'><strong>terris</strong></span> <span class='ocrx_word' id='word_1_23' title='bbox 359 670 620 736; x_wconf 89' lang='lat' dir='ltr'><strong>florentissimam</strong></span> <span class='ocrx_word' id='word_1_24' title='bbox 634 672 782 754; x_wconf 86' lang='lat' dir='ltr'><strong>virtutis,</strong></span> <span class='ocrx_word' id='word_1_25' title='bbox 802 672 994 759; x_wconf 78' lang='lat' dir='ltr'>opulentiae,</span> <span class='ocrx_word' id='word_1_26' title='bbox 1017 671 1203 763; x_wconf 85' lang='lat' dir='ltr'><strong>dignitatis,</strong></span> 
     </span>
     <span class='ocr_line' id='line_1_5' title="bbox 130 777 1205 866; baseline 0 -21"><span class='ocrx_word' id='word_1_27' title='bbox 130 780 325 866; x_wconf 82' lang='lat' dir='ltr'><strong>Etruscique</strong></span> <span class='ocrx_word' id='word_1_28' title='bbox 342 778 470 866; x_wconf 91' lang='lat' dir='ltr'><strong>imperii</strong></span> <span class='ocrx_word' id='word_1_29' title='bbox 491 777 645 859; x_wconf 79' lang='lat' dir='ltr'><strong>domum,</strong></span> <span class='ocrx_word' id='word_1_30' title='bbox 668 801 740 866; x_wconf 85' lang='lat' dir='ltr'><strong>quae</strong></span> <span class='ocrx_word' id='word_1_31' title='bbox 758 779 867 866; x_wconf 89' lang='lat' dir='ltr'><strong>plures</strong></span> <span class='ocrx_word' id='word_1_32' title='bbox 885 779 920 841; x_wconf 92' lang='lat' dir='ltr'><strong>in</strong></span> <span class='ocrx_word' id='word_1_33' title='bbox 938 780 1030 842; x_wconf 92' lang='lat' dir='ltr'><strong>omni</strong></span> <span class='ocrx_word' id='word_1_34' title='bbox 1044 781 1205 845; x_wconf 84' lang='lat' dir='ltr'><strong>virtutum</strong></span> 
     </span>
     <span class='ocr_line' id='line_1_6' title="bbox 129 884 1204 977; baseline 0 -28"><span class='ocrx_word' id='word_1_35' title='bbox 129 904 248 977; x_wconf 84' lang='lat' dir='ltr'><strong>genere</strong></span> <span class='ocrx_word' id='word_1_36' title='bbox 263 885 438 973; x_wconf 91' lang='lat' dir='ltr'><strong>sapientes,</strong></span> <span class='ocrx_word' id='word_1_37' title='bbox 454 906 553 971; x_wconf 89' lang='lat' dir='ltr'><strong>qnam</strong></span> <span class='ocrx_word' id='word_1_38' title='bbox 567 899 635 947; x_wconf 91' lang='lat' dir='ltr'><strong>tota</strong></span> <span class='ocrx_word' id='word_1_39' title='bbox 651 884 789 971; x_wconf 90' lang='lat' dir='ltr'><strong>protulit</strong></span> <span class='ocrx_word' id='word_1_40' title='bbox 802 884 909 966; x_wconf 89' lang='lat' dir='ltr'><strong>Italia,</strong></span> <span class='ocrx_word' id='word_1_41' title='bbox 921 907 1019 971; x_wconf 89' lang='lat' dir='ltr'><strong>quam</strong></span> <span class='ocrx_word' id='word_1_42' title='bbox 1030 885 1204 969; x_wconf 87' lang='lat' dir='ltr'><strong>Aretinus,</strong></span> 
     </span>
     <span class='ocr_line' id='line_1_7' title="bbox 129 988 1205 1077; baseline 0.001 -23"><span class='ocrx_word' id='word_1_43' title='bbox 129 993 164 1054; x_wconf 92' lang='lat' dir='ltr'><strong>in</strong></span> <span class='ocrx_word' id='word_1_44' title='bbox 175 992 236 1054; x_wconf 91' lang='lat' dir='ltr'><strong>hac</strong></span> <span class='ocrx_word' id='word_1_45' title='bbox 250 988 384 1077; x_wconf 89' lang='lat' dir='ltr'><strong>quidem</strong></span> <span class='ocrx_word' id='word_1_46' title='bbox 398 1005 489 1077; x_wconf 89' lang='lat' dir='ltr'><strong>parte</strong></span> <span class='ocrx_word' id='word_1_47' title='bbox 504 1010 607 1052; x_wconf 89' lang='lat' dir='ltr'><strong>vanus</strong></span> <span class='ocrx_word' id='word_1_48' title='bbox 623 988 803 1075; x_wconf 90' lang='lat' dir='ltr'><strong>haruspex,</strong></span> <span class='ocrx_word' id='word_1_49' title='bbox 816 1012 834 1052; x_wconf 92' lang='lat' dir='ltr'><strong>a</strong></span> <span class='ocrx_word' id='word_1_50' title='bbox 848 989 985 1053; x_wconf 85' lang='lat' dir='ltr'><strong>Sullanis</strong></span> <span class='ocrx_word' id='word_1_51' title='bbox 1001 990 1142 1077; x_wconf 85' lang='lat' dir='ltr'><strong>positam</strong></span> <span class='ocrx_word' id='word_1_52' title='bbox 1151 990 1205 1055; x_wconf 93' lang='lat' dir='ltr'><strong>di·</strong></span> 
     </span>
     <span class='ocr_line' id='line_1_8' title="bbox 130 1093 1205 1185; baseline -0.001 -25"><span class='ocrx_word' id='word_1_53' title='bbox 130 1098 183 1161; x_wconf 89' lang='lat' dir='ltr'><strong>cit.</strong></span> <span class='ocrx_word' id='word_1_54' title='bbox 204 1098 314 1183; x_wconf 88' lang='lat' dir='ltr'><strong>Impar</strong></span> <span class='ocrx_word' id='word_1_55' title='bbox 325 1117 416 1158; x_wconf 91' lang='lat' dir='ltr'><strong>error</strong></span> <span class='ocrx_word' id='word_1_56' title='bbox 431 1095 640 1158; x_wconf 90' lang='lat' dir='ltr'><strong>Franciscum</strong></span> <span class='ocrx_word' id='word_1_57' title='bbox 661 1093 868 1158; x_wconf 89' lang='lat' dir='ltr'><strong>Petrarcham</strong></span> <span class='ocrx_word' id='word_1_58' title='bbox 880 1094 1033 1177; x_wconf 88' lang='lat' dir='ltr'><strong>involvit,</strong></span> <span class='ocrx_word' id='word_1_59' title='bbox 1047 1095 1122 1183; x_wconf 91' lang='lat' dir='ltr'><strong>qui,</strong></span> <span class='ocrx_word' id='word_1_60' title='bbox 1134 1097 1205 1185; x_wconf 89' lang='lat' dir='ltr'><strong>epi·</strong></span> 
     </span>
     <span class='ocr_line' id='line_1_9' title="bbox 130 1200 1207 1281; baseline -0.001 -14"><span class='ocrx_word' id='word_1_61' title='bbox 130 1202 286 1267; x_wconf 91' lang='lat' dir='ltr'><strong>stolarum</strong></span> <span class='ocrx_word' id='word_1_62' title='bbox 304 1201 455 1264; x_wconf 89' lang='lat' dir='ltr'><strong>senilium</strong></span> <span class='ocrx_word' id='word_1_63' title='bbox 472 1201 557 1264; x_wconf 85' lang='lat' dir='ltr'><strong>libro</strong></span> <span class='ocrx_word' id='word_1_64' title='bbox 574 1223 683 1281; x_wconf 90' lang='lat' dir='ltr'><strong>nono,</strong></span> <span class='ocrx_word' id='word_1_65' title='bbox 698 1200 739 1264; x_wconf 90' lang='lat' dir='ltr'><strong>ad</strong></span> <span class='ocrx_word' id='word_1_66' title='bbox 758 1200 928 1265; x_wconf 88' lang='lat' dir='ltr'><strong>Urbanum</strong></span> <span class='ocrx_word' id='word_1_67' title='bbox 946 1200 1138 1265; x_wconf 88' lang='lat' dir='ltr'><strong>Pontificem</strong></span> <span class='ocrx_word' id='word_1_68' title='bbox 1159 1202 1207 1266; x_wconf 83' lang='lat' dir='ltr'><strong>ita</strong></span> 
     </span>
     <span class='ocr_line' id='line_1_10' title="bbox 130 1306 1207 1394; baseline -0.001 -21"><span class='ocrx_word' id='word_1_69' title='bbox 130 1309 256 1373; x_wconf 89' lang='lat' dir='ltr'><strong>scribit:</strong></span> <span class='ocrx_word' id='word_1_70' title='bbox 272 1308 389 1370; x_wconf 80' lang='lat' dir='ltr'><strong>Patria</strong></span> <span class='ocrx_word' id='word_1_71' title='bbox 402 1330 525 1394; x_wconf 84' lang='lat' dir='ltr'><strong>quoque</strong></span> <span class='ocrx_word' id='word_1_72' title='bbox 541 1329 612 1369; x_wconf 83' lang='lat' dir='ltr'><strong>mea</strong></span> <span class='ocrx_word' id='word_1_73' title='bbox 631 1307 722 1386; x_wconf 85' lang='lat' dir='ltr'><strong>urbs,</strong></span> <span class='ocrx_word' id='word_1_74' title='bbox 737 1329 861 1394; x_wconf 84' lang='lat' dir='ltr'><strong>quoque</strong></span> <span class='ocrx_word' id='word_1_75' title='bbox 873 1309 1002 1370; x_wconf 80' lang='lat' dir='ltr'><strong>verbum</strong></span> <span class='ocrx_word' id='word_1_76' title='bbox 1016 1322 1129 1389; x_wconf 80' lang='lat' dir='ltr'><strong>sonat,</strong></span> <span class='ocrx_word' id='word_1_77' title='bbox 1136 1306 1207 1394; x_wconf 73' lang='lat' dir='ltr'><strong>flo-</strong></span> 
     </span>
     <span class='ocr_line' id='line_1_11' title="bbox 130 1411 1206 1500; baseline 0.001 -23"><span class='ocrx_word' id='word_1_78' title='bbox 130 1415 315 1491; x_wconf 75' lang='lat' dir='ltr'><strong>rectissima,</strong></span> <span class='ocrx_word' id='word_1_79' title='bbox 332 1412 473 1476; x_wconf 73' lang='lat' dir='ltr'><strong>eandm</strong></span> <span class='ocrx_word' id='word_1_80' title='bbox 486 1426 592 1475; x_wconf 82' lang='lat' dir='ltr'><strong>tamen</strong></span> <span class='ocrx_word' id='word_1_81' title='bbox 605 1434 668 1499; x_wconf 84' lang='lat' dir='ltr'><strong>rep.</strong></span> <span class='ocrx_word' id='word_1_82' title='bbox 682 1411 777 1475; x_wconf 88' lang='lat' dir='ltr'><strong>Rom.</strong></span> <span class='ocrx_word' id='word_1_83' title='bbox 782 1412 923 1498; x_wconf 76' lang='lat' dir='ltr'><strong>florente</strong></span> <span class='ocrx_word' id='word_1_84' title='bbox 930 1411 1103 1500; x_wconf 67' lang='lat' dir='ltr'><strong>,fundate</strong></span> <span class='ocrx_word' id='word_1_85' title='bbox 1116 1414 1206 1478; x_wconf 90' lang='lat' dir='ltr'><strong>Lau·</strong></span> 
     </span>
     <span class='ocr_line' id='line_1_12' title="bbox 130 1518 1208 1607; baseline 0.001 -24"><span class='ocrx_word' id='word_1_86' title='bbox 130 1521 255 1584; x_wconf 91' lang='lat' dir='ltr'><strong>rentius</strong></span> <span class='ocrx_word' id='word_1_87' title='bbox 272 1519 447 1599; x_wconf 88' lang='lat' dir='ltr'><strong>Vallensis,</strong></span> <span class='ocrx_word' id='word_1_88' title='bbox 464 1519 543 1582; x_wconf 91' lang='lat' dir='ltr'><strong>alter</strong></span> <span class='ocrx_word' id='word_1_89' title='bbox 557 1520 712 1582; x_wconf 82' lang='lat' dir='ltr'><strong>Romanae</strong></span> <span class='ocrx_word' id='word_1_90' title='bbox 733 1518 852 1607; x_wconf 82' lang='lat' dir='ltr'><strong>linguae</strong></span> <span class='ocrx_word' id='word_1_91' title='bbox 871 1519 1047 1600; x_wconf 86' lang='lat' dir='ltr'><strong>Camillus,</strong></span> <span class='ocrx_word' id='word_1_92' title='bbox 1064 1535 1208 1584; x_wconf 84' lang='lat' dir='ltr'><strong>assertor</strong></span> 
     </span>
     <span class='ocr_line' id='line_1_13' title="bbox 130 1624 1206 1713; baseline -0.001 -22"><span class='ocrx_word' id='word_1_93' title='bbox 130 1626 280 1692; x_wconf 89' lang='lat' dir='ltr'><strong>videlicet</strong></span> <span class='ocrx_word' id='word_1_94' title='bbox 298 1624 491 1712; x_wconf 86' lang='lat' dir='ltr'><strong>eloquentiae</strong></span> <span class='ocrx_word' id='word_1_95' title='bbox 502 1625 562 1707; x_wconf 83' lang='lat' dir='ltr'><strong>,in</strong></span> <span class='ocrx_word' id='word_1_96' title='bbox 591 1624 725 1712; x_wconf 91' lang='lat' dir='ltr'><strong>epistola</strong></span> <span class='ocrx_word' id='word_1_97' title='bbox 749 1625 889 1713; x_wconf 92' lang='lat' dir='ltr'><strong>quadam</strong></span> <span class='ocrx_word' id='word_1_98' title='bbox 915 1625 1027 1713; x_wconf 88' lang='lat' dir='ltr'><strong>prodit</strong></span> <span class='ocrx_word' id='word_1_99' title='bbox 1042 1626 1097 1690; x_wconf 89' lang='lat' dir='ltr'><strong>cui</strong></span> <span class='ocrx_word' id='word_1_100' title='bbox 1113 1627 1206 1690; x_wconf 87' lang='lat' dir='ltr'><strong>Dan·</strong></span> 
     </span>
     <span class='ocr_line' id='line_1_14' title="bbox 130 1729 1208 1820; baseline 0.001 -24"><span class='ocrx_word' id='word_1_101' title='bbox 130 1732 202 1796; x_wconf 90' lang='lat' dir='ltr'><strong>thes</strong></span> <span class='ocrx_word' id='word_1_102' title='bbox 215 1730 406 1820; x_wconf 85' lang='lat' dir='ltr'><strong>Alengerius</strong></span> <span class='ocrx_word' id='word_1_103' title='bbox 419 1729 644 1818; x_wconf 86' lang='lat' dir='ltr'><strong>adstipulatur,</strong></span> <span class='ocrx_word' id='word_1_104' title='bbox 661 1729 811 1794; x_wconf 89' lang='lat' dir='ltr'><strong>homines</strong></span> <span class='ocrx_word' id='word_1_105' title='bbox 827 1754 986 1818; x_wconf 91' lang='lat' dir='ltr'><strong>aquarum</strong></span> <span class='ocrx_word' id='word_1_106' title='bbox 1002 1730 1158 1819; x_wconf 89' lang='lat' dir='ltr'><strong>penuria,</strong></span> <span class='ocrx_word' id='word_1_107' title='bbox 1174 1747 1208 1797; x_wconf 89' lang='lat' dir='ltr'><strong>et</strong></span> 
     </span>
     <span class='ocr_line' id='line_1_15' title="bbox 131 1835 1205 1922; baseline 0.001 -20"><span class='ocrx_word' id='word_1_108' title='bbox 131 1839 194 1904; x_wconf 93' lang='lat' dir='ltr'><strong>loci</strong></span> <span class='ocrx_word' id='word_1_109' title='bbox 210 1837 347 1901; x_wconf 89' lang='lat' dir='ltr'><strong>mitioris</strong></span> <span class='ocrx_word' id='word_1_110' title='bbox 373 1835 552 1917; x_wconf 84' lang='lat' dir='ltr'><strong>desideria,</strong></span> <span class='ocrx_word' id='word_1_111' title='bbox 572 1859 613 1899; x_wconf 85' lang='lat' dir='ltr'><strong>ex</strong></span> <span class='ocrx_word' id='word_1_112' title='bbox 634 1837 801 1900; x_wconf 89' lang='lat' dir='ltr'><strong>Fesulanis</strong></span> <span class='ocrx_word' id='word_1_113' title='bbox 826 1838 994 1902; x_wconf 90' lang='lat' dir='ltr'><strong>montibus</strong></span> <span class='ocrx_word' id='word_1_114' title='bbox 1020 1854 1053 1902; x_wconf 92' lang='lat' dir='ltr'><strong>et</strong></span> <span class='ocrx_word' id='word_1_115' title='bbox 1066 1836 1205 1922; x_wconf 70' lang='lat' dir='ltr'><strong>ricinis,</strong></span> 
     </span>
     <span class='ocr_line' id='line_1_16' title="bbox 128 1935 1208 2032; baseline 0 -23"><span class='ocrx_word' id='word_1_116' title='bbox 128 1946 220 2025; x_wconf 86' lang='lat' dir='ltr'><strong>juxta</strong></span> <span class='ocrx_word' id='word_1_117' title='bbox 233 1943 358 2005; x_wconf 89' lang='lat' dir='ltr'><strong>Arnum</strong></span> <span class='ocrx_word' id='word_1_118' title='bbox 377 1935 584 2023; x_wconf 88' lang='lat' dir='ltr'><strong>consedisse,</strong></span> <span class='ocrx_word' id='word_1_119' title='bbox 596 1959 628 2006; x_wconf 97' lang='lat' dir='ltr'><strong>et</strong></span> <span class='ocrx_word' id='word_1_120' title='bbox 643 1965 662 2006; x_wconf 93' lang='lat' dir='ltr'><strong>a</strong></span> <span class='ocrx_word' id='word_1_121' title='bbox 678 1943 742 2008; x_wconf 91' lang='lat' dir='ltr'><strong>loci</strong></span> <span class='ocrx_word' id='word_1_122' title='bbox 758 1943 823 2007; x_wconf 89' lang='lat' dir='ltr'><strong>situ</strong></span> <span class='ocrx_word' id='word_1_123' title='bbox 837 1945 1045 2024; x_wconf 74' lang='lat' dir='ltr'><strong>Fluentium,</strong></span> <span class='ocrx_word' id='word_1_124' title='bbox 1067 1959 1105 2007; x_wconf 93' lang='lat' dir='ltr'><strong>ut</strong></span> <span class='ocrx_word' id='word_1_125' title='bbox 1120 1967 1208 2032; x_wconf 82' lang='lat' dir='ltr'><strong>prae·</strong></span> 
     </span>
     <span class='ocr_line' id='line_1_17' title="bbox 133 2046 1206 2133; baseline 0.001 -20"><span class='ocrx_word' id='word_1_126' title='bbox 133 2047 298 2113; x_wconf 88' lang='lat' dir='ltr'><strong>terlluenti</strong></span> <span class='ocrx_word' id='word_1_127' title='bbox 323 2046 412 2108; x_wconf 90' lang='lat' dir='ltr'><strong>Arno</strong></span> <span class='ocrx_word' id='word_1_128' title='bbox 437 2047 618 2133; x_wconf 88' lang='lat' dir='ltr'><strong>appositos,</strong></span> <span class='ocrx_word' id='word_1_129' title='bbox 641 2048 736 2111; x_wconf 90' lang='lat' dir='ltr'><strong>initio</strong></span> <span class='ocrx_word' id='word_1_130' title='bbox 762 2049 881 2131; x_wconf 85' lang='lat' dir='ltr'><strong>dictos,</strong></span> <span class='ocrx_word' id='word_1_131' title='bbox 906 2050 989 2113; x_wconf 89' lang='lat' dir='ltr'><strong>sicut</strong></span> <span class='ocrx_word' id='word_1_132' title='bbox 1013 2049 1048 2111; x_wconf 91' lang='lat' dir='ltr'><strong>in</strong></span> <span class='ocrx_word' id='word_1_133' title='bbox 1071 2072 1140 2112; x_wconf 91' lang='lat' dir='ltr'><strong>uno</strong></span> <span class='ocrx_word' id='word_1_134' title='bbox 1165 2072 1206 2114; x_wconf 92' lang='lat' dir='ltr'><strong>eo</strong></span> 
     </span>
     <span class='ocr_line' id='line_1_18' title="bbox 131 2150 1207 2236; baseline 0.003 -18"><span class='ocrx_word' id='word_1_135' title='bbox 131 2154 239 2218; x_wconf 91' lang='lat' dir='ltr'><strong>Plinio</strong></span> <span class='ocrx_word' id='word_1_136' title='bbox 259 2167 406 2215; x_wconf 89' lang='lat' dir='ltr'><strong>constare</strong></span> <span class='ocrx_word' id='word_1_137' title='bbox 426 2150 539 2232; x_wconf 82' lang='lat' dir='ltr'><strong>vide03</strong></span> <span class='ocrx_word' id='word_1_138' title='bbox 559 2176 636 2215; x_wconf 91' lang='lat' dir='ltr'><strong>mox</strong></span> <span class='ocrx_word' id='word_1_139' title='bbox 655 2150 791 2217; x_wconf 78' lang='lat' dir='ltr'><strong>florente</strong></span> <span class='ocrx_word' id='word_1_140' title='bbox 815 2155 961 2236; x_wconf 88' lang='lat' dir='ltr'><strong>beatius,</strong></span> <span class='ocrx_word' id='word_1_141' title='bbox 986 2171 1018 2218; x_wconf 91' lang='lat' dir='ltr'><strong>et</strong></span> <span class='ocrx_word' id='word_1_142' title='bbox 1042 2154 1207 2221; x_wconf 86' lang='lat' dir='ltr'><strong>arridente</strong></span> 
     </span>
     <span class='ocr_line' id='line_1_19' title="bbox 133 2258 1206 2345; baseline 0 -20"><span class='ocrx_word' id='word_1_143' title='bbox 133 2264 283 2340; x_wconf 80' lang='lat' dir='ltr'><strong>lortuna,</strong></span> <span class='ocrx_word' id='word_1_144' title='bbox 304 2258 512 2322; x_wconf 89' lang='lat' dir='ltr'><strong>Florentinos</strong></span> <span class='ocrx_word' id='word_1_145' title='bbox 531 2258 723 2345; x_wconf 87' lang='lat' dir='ltr'><strong>appellatos,</strong></span> <span class='ocrx_word' id='word_1_146' title='bbox 741 2259 909 2345; x_wconf 90' lang='lat' dir='ltr'><strong>quomodo</strong></span> <span class='ocrx_word' id='word_1_147' title='bbox 932 2261 1031 2324; x_wconf 91' lang='lat' dir='ltr'><strong>Corn.</strong></span> <span class='ocrx_word' id='word_1_148' title='bbox 1053 2262 1206 2344; x_wconf 88' lang='lat' dir='ltr'><strong>Tacitus,</strong></span> 
     </span>
     <span class='ocr_line' id='line_1_20' title="bbox 133 2363 1207 2451; baseline 0 -20"><span class='ocrx_word' id='word_1_149' title='bbox 133 2368 344 2444; x_wconf 83' lang='lat' dir='ltr'><strong>Ptolemaeus,</strong></span> <span class='ocrx_word' id='word_1_150' title='bbox 357 2363 604 2451; x_wconf 89' lang='lat' dir='ltr'><strong>Procopiusque</strong></span> <span class='ocrx_word' id='word_1_151' title='bbox 617 2363 824 2428; x_wconf 88' lang='lat' dir='ltr'><strong>nominitant.</strong></span> <span class='ocrx_word' id='word_1_152' title='bbox 839 2366 919 2428; x_wconf 88' lang='lat' dir='ltr'><strong>Eam</strong></span> <span class='ocrx_word' id='word_1_153' title='bbox 934 2364 1207 2431; x_wconf 79' lang='lat' dir='ltr'><strong>deinde&#39;Romani</strong></span> 
     </span>
     <span class='ocr_line' id='line_1_21' title="bbox 132 2467 1206 2560; baseline 0 -24"><span class='ocrx_word' id='word_1_154' title='bbox 132 2471 307 2537; x_wconf 87' lang='lat' dir='ltr'><strong>Triumviri</strong></span> <span class='ocrx_word' id='word_1_155' title='bbox 324 2468 486 2533; x_wconf 89' lang='lat' dir='ltr'><strong>coloniam</strong></span> <span class='ocrx_word' id='word_1_156' title='bbox 504 2467 729 2551; x_wconf 86' lang='lat' dir='ltr'><strong>deduxerunt,</strong></span> <span class='ocrx_word' id='word_1_157' title='bbox 747 2469 839 2557; x_wconf 89' lang='lat' dir='ltr'><strong>quod</strong></span> <span class='ocrx_word' id='word_1_158' title='bbox 853 2484 966 2533; x_wconf 85' lang='lat' dir='ltr'><strong>auctor</strong></span> <span class='ocrx_word' id='word_1_159' title='bbox 983 2472 1155 2560; x_wconf 90' lang='lat' dir='ltr'><strong>antiquus,</strong></span> <span class='ocrx_word' id='word_1_160' title='bbox 1170 2473 1206 2536; x_wconf 93' lang='lat' dir='ltr'><strong>in</strong></span> 
     </span>
     <span class='ocr_line' id='line_1_22' title="bbox 134 2573 1205 2662; baseline -0.001 -19"><span class='ocrx_word' id='word_1_161' title='bbox 134 2578 282 2643; x_wconf 88' lang='lat' dir='ltr'><strong>coenobio</strong></span> <span class='ocrx_word' id='word_1_162' title='bbox 299 2573 466 2655; x_wconf 88' lang='lat' dir='ltr'><strong>Bohiensi,</strong></span> <span class='ocrx_word' id='word_1_163' title='bbox 485 2596 563 2637; x_wconf 89' lang='lat' dir='ltr'><strong>cura</strong></span> <span class='ocrx_word' id='word_1_164' title='bbox 587 2598 624 2639; x_wconf 88' lang='lat' dir='ltr'><strong>ac</strong></span> <span class='ocrx_word' id='word_1_165' title='bbox 645 2574 805 2639; x_wconf 87' lang='lat' dir='ltr'><strong>industria</strong></span> <span class='ocrx_word' id='word_1_166' title='bbox 827 2576 960 2640; x_wconf 79' lang='lat' dir='ltr'><strong>Merulae</strong></span> <span class='ocrx_word' id='word_1_167' title='bbox 977 2576 1205 2662; x_wconf 85' lang='lat' dir='ltr'><strong>Alexandrini,</strong></span> 
     </span>
     <span class='ocr_line' id='line_1_23' title="bbox 134 2679 1208 2773; baseline 0.001 -25"><span class='ocrx_word' id='word_1_168' title='bbox 134 2699 280 2773; x_wconf 87' lang='lat' dir='ltr'><strong>repertus</strong></span> <span class='ocrx_word' id='word_1_169' title='bbox 293 2731 302 2764; x_wconf 94' lang='lat'><strong>,</strong></span> <span class='ocrx_word' id='word_1_170' title='bbox 317 2698 426 2770; x_wconf 91' lang='lat' dir='ltr'><strong>aperte</strong></span> <span class='ocrx_word' id='word_1_171' title='bbox 452 2679 598 2744; x_wconf 88' lang='lat' dir='ltr'><strong>notificat</strong></span> <span class='ocrx_word' id='word_1_172' title='bbox 617 2681 669 2744; x_wconf 91' lang='lat' dir='ltr'><strong>his</strong></span> <span class='ocrx_word' id='word_1_173' title='bbox 684 2681 808 2745; x_wconf 88' lang='lat' dir='ltr'><strong>verbis:</strong></span> <span class='ocrx_word' id='word_1_174' title='bbox 823 2713 836 2739; x_wconf 86' lang='lat'>«</span> <span class='ocrx_word' id='word_1_175' title='bbox 846 2685 882 2747; x_wconf 92' lang='lat' dir='ltr'><strong>C.</strong></span> <span class='ocrx_word' id='word_1_176' title='bbox 900 2684 1030 2747; x_wconf 88' lang='lat' dir='ltr'><strong>Caesaris</strong></span> <span class='ocrx_word' id='word_1_177' title='bbox 1054 2685 1208 2772; x_wconf 88' lang='lat' dir='ltr'><strong>auspiciis</strong></span> 
     </span>
     <span class='ocr_line' id='line_1_24' title="bbox 135 2776 1207 2874; baseline 0 -20"><span class='ocrx_word' id='word_1_178' title='bbox 135 2806 168 2854; x_wconf 90' lang='lat' dir='ltr'><strong>et</strong></span> <span class='ocrx_word' id='word_1_179' title='bbox 182 2790 227 2854; x_wconf 89' lang='grc' dir='ltr'><strong>Μ.</strong></span> <span class='ocrx_word' id='word_1_180' title='bbox 242 2788 383 2867; x_wconf 84' lang='lat' dir='ltr'><strong>Antoni,</strong></span> <span class='ocrx_word' id='word_1_181' title='bbox 402 2801 435 2850; x_wconf 86' lang='lat' dir='ltr'><strong>et</strong></span> <span class='ocrx_word' id='word_1_182' title='bbox 455 2786 500 2849; x_wconf 87' lang='lat' dir='ltr'><strong>M.</strong></span> <span class='ocrx_word' id='word_1_183' title='bbox 516 2785 629 2874; x_wconf 87' lang='lat' dir='ltr'><strong>Lepidi</strong></span> <span class='ocrx_word' id='word_1_184' title='bbox 651 2788 815 2851; x_wconf 87' lang='lat' dir='ltr'><strong>Florentia</strong></span> <span class='ocrx_word' id='word_1_185' title='bbox 835 2776 973 2852; x_wconf 84' lang='lat' dir='ltr'><strong>deducta</strong></span> <span class='ocrx_word' id='word_1_186' title='bbox 991 2790 1040 2852; x_wconf 94' lang='grc' dir='ltr'><strong>ΙΙΙ</strong></span> <span class='ocrx_word' id='word_1_187' title='bbox 1054 2791 1130 2854; x_wconf 83' lang='lat' dir='ltr'><strong>viris</strong></span> <span class='ocrx_word' id='word_1_188' title='bbox 1146 2790 1207 2854; x_wconf 93' lang='lat' dir='ltr'><strong>ad·</strong></span> 
     </span>
     <span class='ocr_line' id='line_1_25' title="bbox 135 2892 1208 2987; baseline -0.003 -25"><span class='ocrx_word' id='word_1_189' title='bbox 135 2899 258 2987; x_wconf 81' lang='lat' dir='ltr'><strong>signata</strong></span> <span class='ocrx_word' id='word_1_190' title='bbox 275 2895 346 2982; x_wconf 85' lang='lat' dir='ltr'><strong>lege</strong></span> <span class='ocrx_word' id='word_1_191' title='bbox 364 2892 457 2957; x_wconf 91' lang='lat' dir='ltr'><strong>Julia.</strong></span> <span class='ocrx_word' id='word_1_192' title='bbox 476 2893 637 2956; x_wconf 88' lang='lat' dir='ltr'><strong>Centuriae</strong></span> <span class='ocrx_word' id='word_1_193' title='bbox 654 2893 819 2958; x_wconf 87' lang='lat' dir='ltr'><strong>Caesarinae</strong></span> <span class='ocrx_word' id='word_1_194' title='bbox 837 2895 872 2956; x_wconf 92' lang='lat' dir='ltr'><strong>in</strong></span> <span class='ocrx_word' id='word_1_195' title='bbox 888 2894 1002 2985; x_wconf 85' lang='lat' dir='ltr'><strong>jugera</strong></span> <span class='ocrx_word' id='word_1_196' title='bbox 1017 2919 1076 2985; x_wconf 90' lang='lat' dir='ltr'><strong>per</strong></span> <span class='ocrx_word' id='word_1_197' title='bbox 1092 2895 1208 2962; x_wconf 85' lang='lat' dir='ltr'><strong>Cardi-</strong></span> 
     </span>
     <span class='ocr_line' id='line_1_26' title="bbox 135 2999 1208 3089; baseline -0.001 -21"><span class='ocrx_word' id='word_1_198' title='bbox 135 3027 192 3068; x_wconf 88' lang='lat' dir='ltr'><strong>nes</strong></span> <span class='ocrx_word' id='word_1_199' title='bbox 209 3018 242 3067; x_wconf 90' lang='lat' dir='ltr'><strong>et</strong></span> <span class='ocrx_word' id='word_1_200' title='bbox 256 3003 474 3065; x_wconf 88' lang='lat' dir='ltr'><strong>Decumanos.</strong></span> <span class='ocrx_word' id='word_1_201' title='bbox 489 2999 635 3062; x_wconf 89' lang='lat' dir='ltr'><strong>Termini</strong></span> <span class='ocrx_word' id='word_1_202' title='bbox 648 2999 783 3063; x_wconf 91' lang='lat' dir='ltr'><strong>rotundi</strong></span> <span class='ocrx_word' id='word_1_203' title='bbox 797 3000 945 3087; x_wconf 89' lang='lat' dir='ltr'><strong>pedales,</strong></span> <span class='ocrx_word' id='word_1_204' title='bbox 960 3019 992 3089; x_wconf 86' lang='lat' dir='ltr'><strong>et</strong></span> <span class='ocrx_word' id='word_1_205' title='bbox 1006 3001 1126 3066; x_wconf 87' lang='lat' dir='ltr'><strong>distant</strong></span> <span class='ocrx_word' id='word_1_206' title='bbox 1138 3025 1157 3066; x_wconf 93' lang='lat' dir='ltr'><strong>a</strong></span> <span class='ocrx_word' id='word_1_207' title='bbox 1171 3026 1208 3068; x_wconf 89' lang='lat' dir='ltr'><strong>se</strong></span> 
     </span>
     <span class='ocr_line' id='line_1_27' title="bbox 135 3102 1208 3198; baseline 0.001 -27"><span class='ocrx_word' id='word_1_208' title='bbox 135 3107 233 3198; x_wconf 90' lang='lat' dir='ltr'><strong>pedes</strong></span> <span class='ocrx_word' id='word_1_209' title='bbox 244 3108 287 3171; x_wconf 91' lang='lat' dir='ltr'><strong>ll.</strong></span> <span class='ocrx_word' id='word_1_210' title='bbox 302 3105 411 3168; x_wconf 87' lang='lat' dir='ltr'>CCDC</span> <span class='ocrx_word' id='word_1_211' title='bbox 425 3134 448 3167; x_wconf 72' lang='lat' dir='ltr'><strong>a.</strong></span> <span class='ocrx_word' id='word_1_212' title='bbox 467 3102 628 3168; x_wconf 86' lang='lat' dir='ltr'><strong>Laudanti</strong></span> <span class='ocrx_word' id='word_1_213' title='bbox 644 3120 677 3167; x_wconf 88' lang='lat' dir='ltr'><strong>et</strong></span> <span class='ocrx_word' id='word_1_214' title='bbox 692 3103 865 3168; x_wconf 86' lang='lat' dir='ltr'><strong>admiranti</strong></span> <span class='ocrx_word' id='word_1_215' title='bbox 880 3108 1045 3169; x_wconf 87' lang='lat' dir='ltr'><strong>fortunam</strong></span> <span class='ocrx_word' id='word_1_216' title='bbox 1062 3124 1152 3170; x_wconf 91' lang='lat' dir='ltr'><strong>tuam</strong></span> <span class='ocrx_word' id='word_1_217' title='bbox 1168 3131 1208 3172; x_wconf 90' lang='lat' dir='ltr'><strong>ac</strong></span> 
     </span>
     <span class='ocr_line' id='line_1_28' title="bbox 137 3211 1206 3303; baseline 0.001 -24"><span class='ocrx_word' id='word_1_218' title='bbox 137 3231 244 3279; x_wconf 87' lang='lat' dir='ltr'><strong>extera</strong></span> <span class='ocrx_word' id='word_1_219' title='bbox 259 3211 357 3291; x_wconf 90' lang='lat' dir='ltr'><strong>bona,</strong></span> <span class='ocrx_word' id='word_1_220' title='bbox 372 3211 521 3297; x_wconf 89' lang='lat' dir='ltr'><strong>princeps</strong></span> <span class='ocrx_word' id='word_1_221' title='bbox 532 3212 680 3276; x_wconf 87' lang='lat' dir='ltr'><strong>omnium</strong></span> <span class='ocrx_word' id='word_1_222' title='bbox 690 3212 876 3300; x_wconf 91' lang='lat' dir='ltr'><strong>principum</strong></span> <span class='ocrx_word' id='word_1_223' title='bbox 886 3213 1034 3295; x_wconf 87' lang='lat' dir='ltr'><strong>maxime,</strong></span> <span class='ocrx_word' id='word_1_224' title='bbox 1049 3215 1206 3303; x_wconf 90' lang='lat' dir='ltr'><strong>interpel-</strong></span> 
     </span>
     <span class='ocr_line' id='line_1_29' title="bbox 135 3315 1206 3404; baseline 0 -20"><span class='ocrx_word' id='word_1_225' title='bbox 135 3322 204 3385; x_wconf 89' lang='lat' dir='ltr'><strong>lant</strong></span> <span class='ocrx_word' id='word_1_226' title='bbox 218 3315 317 3378; x_wconf 89' lang='lat' dir='ltr'><strong>animi</strong></span> <span class='ocrx_word' id='word_1_227' title='bbox 328 3337 411 3377; x_wconf 90' lang='lat' dir='ltr'><strong>verae</strong></span> <span class='ocrx_word' id='word_1_228' title='bbox 429 3338 556 3403; x_wconf 90' lang='lat' dir='ltr'><strong>semper</strong></span> <span class='ocrx_word' id='word_1_229' title='bbox 566 3316 695 3397; x_wconf 88' lang='lat' dir='ltr'><strong>laudes,</strong></span> <span class='ocrx_word' id='word_1_230' title='bbox 713 3341 750 3380; x_wconf 88' lang='lat' dir='ltr'><strong>ao</strong></span> <span class='ocrx_word' id='word_1_231' title='bbox 761 3316 884 3404; x_wconf 82' lang='lat' dir='ltr'><strong>ingenii</strong></span> <span class='ocrx_word' id='word_1_232' title='bbox 898 3315 991 3382; x_wconf 88' lang='lat' dir='ltr'><strong>dotes</strong></span> <span class='ocrx_word' id='word_1_233' title='bbox 1007 3318 1206 3403; x_wconf 86' lang='lat' dir='ltr'><strong>innumerae,</strong></span> 
     </span>
     <span class='ocr_line' id='line_1_30' title="bbox 138 3419 1208 3513; baseline 0.003 -26"><span class='ocrx_word' id='word_1_234' title='bbox 138 3437 266 3513; x_wconf 87' lang='lat' dir='ltr'><strong>quantae</strong></span> <span class='ocrx_word' id='word_1_235' title='bbox 280 3420 315 3481; x_wconf 89' lang='lat' dir='ltr'><strong>in</strong></span> <span class='ocrx_word' id='word_1_236' title='bbox 330 3419 422 3481; x_wconf 90' lang='lat' dir='ltr'><strong>nullo</strong></span> <span class='ocrx_word' id='word_1_237' title='bbox 437 3442 583 3507; x_wconf 90' lang='lat' dir='ltr'><strong>unquam</strong></span> <span class='ocrx_word' id='word_1_238' title='bbox 597 3421 744 3508; x_wconf 87' lang='lat' dir='ltr'><strong>principe</strong></span> <span class='ocrx_word' id='word_1_239' title='bbox 760 3420 944 3485; x_wconf 89' lang='lat' dir='ltr'><strong>rutilarunt.</strong></span> <span class='ocrx_word' id='word_1_240' title='bbox 959 3423 1127 3509; x_wconf 90' lang='lat' dir='ltr'><strong>Siquidem</strong></span> <span class='ocrx_word' id='word_1_241' title='bbox 1140 3426 1208 3490; x_wconf 89' lang='lat' dir='ltr'><strong>vita</strong></span> 
     </span>
     <span class='ocr_line' id='line_1_31' title="bbox 136 3525 1207 3611; baseline 0.001 -15"><span class='ocrx_word' id='word_1_242' title='bbox 136 3549 192 3596; x_wconf 87' lang='lat' dir='ltr'><strong>tua</strong></span> <span class='ocrx_word' id='word_1_243' title='bbox 206 3549 293 3592; x_wconf 92' lang='lat' dir='ltr'><strong>mera</strong></span> <span class='ocrx_word' id='word_1_244' title='bbox 307 3547 443 3589; x_wconf 86' lang='lat' dir='ltr'><strong>censura</strong></span> <span class='ocrx_word' id='word_1_245' title='bbox 457 3541 515 3590; x_wconf 88' lang='lat' dir='ltr'><strong>est.</strong></span> <span class='ocrx_word' id='word_1_246' title='bbox 530 3526 645 3590; x_wconf 86' lang='lat' dir='ltr'><strong>Aditus</strong></span> <span class='ocrx_word' id='word_1_247' title='bbox 660 3525 700 3590; x_wconf 93' lang='lat' dir='ltr'><strong>ad</strong></span> <span class='ocrx_word' id='word_1_248' title='bbox 716 3542 748 3589; x_wconf 93' lang='lat' dir='ltr'><strong>te</strong></span> <span class='ocrx_word' id='word_1_249' title='bbox 768 3541 865 3590; x_wconf 88' lang='lat' dir='ltr'><strong>tantae</strong></span> <span class='ocrx_word' id='word_1_250' title='bbox 887 3527 1064 3611; x_wconf 88' lang='lat' dir='ltr'><strong>felicitatis,</strong></span> <span class='ocrx_word' id='word_1_251' title='bbox 1084 3547 1122 3594; x_wconf 90' lang='lat' dir='ltr'><strong>ut</strong></span> <span class='ocrx_word' id='word_1_252' title='bbox 1137 3533 1207 3596; x_wconf 90' lang='lat' dir='ltr'><strong>Au-</strong></span> 
     </span>
     <span class='ocr_line' id='line_1_32' title="bbox 138 3631 1208 3728; baseline 0.001 -27"><span class='ocrx_word' id='word_1_253' title='bbox 138 3652 269 3728; x_wconf 85' lang='lat' dir='ltr'><strong>gustum</strong></span> <span class='ocrx_word' id='word_1_254' title='bbox 279 3633 519 3713; x_wconf 87' lang='lat' dir='ltr'><strong>,Artaxerxem,</strong></span> <span class='ocrx_word' id='word_1_255' title='bbox 535 3631 742 3719; x_wconf 88' lang='lat' dir='ltr'><strong>Philippum,</strong></span> <span class='ocrx_word' id='word_1_256' title='bbox 756 3649 831 3719; x_wconf 93' lang='lat' dir='ltr'><strong>post</strong></span> <span class='ocrx_word' id='word_1_257' title='bbox 848 3633 983 3697; x_wconf 87' lang='lat' dir='ltr'><strong>aniculae</strong></span> <span class='ocrx_word' id='word_1_258' title='bbox 996 3637 1140 3700; x_wconf 90' lang='lat' dir='ltr'><strong>monitus</strong></span> <span class='ocrx_word' id='word_1_259' title='bbox 1156 3661 1208 3703; x_wconf 90' lang='lat' dir='ltr'><strong>sa·</strong></span> 
     </span>
     <span class='ocr_line' id='line_1_33' title="bbox 137 3736 1208 3827; baseline 0.001 -20"><span class='ocrx_word' id='word_1_260' title='bbox 137 3739 346 3818; x_wconf 88' lang='lat' dir='ltr'><strong>luberrimos,</strong></span> <span class='ocrx_word' id='word_1_261' title='bbox 365 3737 462 3825; x_wconf 85' lang='lat' dir='ltr'><strong>longe</strong></span> <span class='ocrx_word' id='word_1_262' title='bbox 476 3758 618 3824; x_wconf 88' lang='lat' dir='ltr'><strong>superes.</strong></span> <span class='ocrx_word' id='word_1_263' title='bbox 641 3736 737 3823; x_wconf 90' lang='lat' dir='ltr'><strong>Apud</strong></span> <span class='ocrx_word' id='word_1_264' title='bbox 759 3737 1006 3827; x_wconf 83' lang='lat' dir='ltr'><strong>benignissimas</strong></span> <span class='ocrx_word' id='word_1_265' title='bbox 1025 3759 1208 3819; x_wconf 87' lang='lat' dir='ltr'><strong>anrestuas</strong></span> 
     </span>
     <span class='ocr_line' id='line_1_34' title="bbox 138 3842 1209 3933; baseline 0.001 -21"><span class='ocrx_word' id='word_1_266' title='bbox 138 3870 235 3913; x_wconf 91' lang='lat' dir='ltr'><strong>nemo</strong></span> <span class='ocrx_word' id='word_1_267' title='bbox 255 3865 322 3907; x_wconf 91' lang='lat' dir='ltr'><strong>non</strong></span> <span class='ocrx_word' id='word_1_268' title='bbox 340 3860 500 3930; x_wconf 91' lang='lat' dir='ltr'><strong>quantum</strong></span> <span class='ocrx_word' id='word_1_269' title='bbox 517 3842 631 3923; x_wconf 83' lang='lat' dir='ltr'><strong>voluit,</strong></span> <span class='ocrx_word' id='word_1_270' title='bbox 647 3842 737 3907; x_wconf 88' lang='lat' dir='ltr'><strong>dixit.</strong></span> <span class='ocrx_word' id='word_1_271' title='bbox 754 3844 866 3907; x_wconf 90' lang='lat' dir='ltr'><strong>Unum</strong></span> <span class='ocrx_word' id='word_1_272' title='bbox 883 3862 1031 3933; x_wconf 88' lang='lat' dir='ltr'><strong>superest</strong></span> <span class='ocrx_word' id='word_1_273' title='bbox 1050 3848 1209 3914; x_wconf 90' lang='lat' dir='ltr'><strong>miraculo</strong></span> 
     </span>
     <span class='ocr_line' id='line_1_35' title="bbox 137 3949 1208 4045; baseline 0.003 -27"><span class='ocrx_word' id='word_1_274' title='bbox 137 3954 344 4045; x_wconf 87' lang='lat' dir='ltr'><strong>proximum,</strong></span> <span class='ocrx_word' id='word_1_275' title='bbox 357 3949 447 4037; x_wconf 92' lang='lat' dir='ltr'><strong>quod</strong></span> <span class='ocrx_word' id='word_1_276' title='bbox 458 3998 467 4031; x_wconf 95' lang='lat'><strong>,</strong></span> <span class='ocrx_word' id='word_1_277' title='bbox 480 3972 552 4037; x_wconf 75' lang='lat' dir='ltr'><strong>qnae</strong></span> <span class='ocrx_word' id='word_1_278' title='bbox 566 3949 716 4038; x_wconf 90' lang='lat' dir='ltr'><strong>dissipata</strong></span> <span class='ocrx_word' id='word_1_279' title='bbox 732 3973 839 4040; x_wconf 83' lang='lat' dir='ltr'><strong>reges,</strong></span> <span class='ocrx_word' id='word_1_280' title='bbox 849 3975 886 4016; x_wconf 91' lang='lat' dir='ltr'><strong>ac</strong></span> <span class='ocrx_word' id='word_1_281' title='bbox 898 3953 1047 4019; x_wconf 91' lang='lat' dir='ltr'><strong>heroicos</strong></span> <span class='ocrx_word' id='word_1_282' title='bbox 1059 3956 1145 4020; x_wconf 88' lang='lat' dir='ltr'><strong>viros</strong></span> <span class='ocrx_word' id='word_1_283' title='bbox 1158 3957 1208 4021; x_wconf 81' lang='lat' dir='ltr'><strong>af·</strong></span> 
     </span>
     <span class='ocr_line' id='line_1_36' title="bbox 136 4054 1208 4149; baseline -0.001 -23"><span class='ocrx_word' id='word_1_284' title='bbox 136 4062 227 4126; x_wconf 81' lang='lat' dir='ltr'><strong>latim</strong></span> <span class='ocrx_word' id='word_1_285' title='bbox 246 4072 379 4138; x_wconf 89' lang='lat' dir='ltr'><strong>ornant,</strong></span> <span class='ocrx_word' id='word_1_286' title='bbox 397 4070 429 4119; x_wconf 87' lang='lat' dir='ltr'><strong>ct</strong></span> <span class='ocrx_word' id='word_1_287' title='bbox 445 4054 631 4136; x_wconf 88' lang='lat' dir='ltr'><strong>redimunt,</strong></span> <span class='ocrx_word' id='word_1_288' title='bbox 652 4071 690 4119; x_wconf 87' lang='lat' dir='ltr'><strong>tu</strong></span> <span class='ocrx_word' id='word_1_289' title='bbox 706 4055 805 4123; x_wconf 87' lang='lat' dir='ltr'><strong>divite</strong></span> <span class='ocrx_word' id='word_1_290' title='bbox 825 4059 941 4146; x_wconf 92' lang='lat' dir='ltr'><strong>copula</strong></span> <span class='ocrx_word' id='word_1_291' title='bbox 959 4060 1160 4149; x_wconf 86' lang='lat' dir='ltr'><strong>conjugasti,</strong></span> <span class='ocrx_word' id='word_1_292' title='bbox 1174 4078 1208 4126; x_wconf 88' lang='lat' dir='ltr'><strong>et</strong></span> 
     </span>
    </p>
   </div>
   <div class='ocr_carea' id='block_1_3' title="bbox 0 0 1356 4830">
    <p class='ocr_par' dir='ltr' id='par_1_3' title="bbox 0 0 1356 4830">
     <span class='ocr_line' id='line_1_37' title="bbox 0 0 1356 4830; baseline 0 0"><span class='ocrx_word' id='word_1_293' title='bbox 0 0 1356 4830; x_wconf 95' lang='lat' dir='ltr'><strong> </strong></span> 
     </span>
    </p>
   </div>
  </div>
 </body>
</html>
