<?xml version="1.0" encoding="UTF-8"?>
<!DOCTYPE html PUBLIC "-//W3C//DTD XHTML 1.0 Transitional//EN"
    "http://www.w3.org/TR/xhtml1/DTD/xhtml1-transitional.dtd">
<html xmlns="http://www.w3.org/1999/xhtml" xml:lang="en" lang="en">
 <head>
  <title>
</title>
<meta http-equiv="Content-Type" content="text/html;charset=utf-8" />
  <meta name='ocr-system' content='tesseract 3.04.00' />
  <meta name='ocr-capabilities' content='ocr_page ocr_carea ocr_par ocr_line ocrx_word'/>
</head>
<body>
  <div class='ocr_page' id='page_1' title='image "bibliothecaclas23lemagoog_0031.png"; bbox 0 0 2686 4830; ppageno 0'>
   <div class='ocr_carea' id='block_1_1' title="bbox 130 347 1209 432">
    <p class='ocr_par' dir='ltr' id='par_1_1' title="bbox 130 347 1209 432">
     <span class='ocr_line' id='line_1_1' title="bbox 130 347 1209 432; baseline -0.004 -17"><span class='ocrx_word' id='word_1_1' title='bbox 130 370 219 416; x_wconf 82' lang='lat' dir='ltr'><strong>xvrn</strong></span> <span class='ocrx_word' id='word_1_2' title='bbox 237 348 356 417; x_wconf 83' lang='lat' dir='ltr'><strong>VITA</strong></span> <span class='ocrx_word' id='word_1_3' title='bbox 377 347 487 417; x_wconf 80' lang='lat' dir='ltr'><strong>VAL.</strong></span> <span class='ocrx_word' id='word_1_4' title='bbox 515 350 725 432; x_wconf 78' lang='lat' dir='ltr'><strong>FLACCI,</strong></span> <span class='ocrx_word' id='word_1_5' title='bbox 750 349 892 419; x_wconf 76' lang='lat' dir='ltr'><strong>AUCT.</strong></span> <span class='ocrx_word' id='word_1_6' title='bbox 919 350 955 416; x_wconf 92' lang='lat' dir='ltr'><strong>P.</strong></span> <span class='ocrx_word' id='word_1_7' title='bbox 974 347 1209 416; x_wconf 86' lang='lat' dir='ltr'><strong>CRINITO.</strong></span> 
     </span>
    </p>
   </div>
   <div class='ocr_carea' id='block_1_2' title="bbox 127 476 1214 1409">
    <p class='ocr_par' dir='ltr' id='par_1_2' title="bbox 127 476 1214 1409">
     <span class='ocr_line' id='line_1_2' title="bbox 129 476 1211 565; baseline -0.003 -24"><span class='ocrx_word' id='word_1_8' title='bbox 129 476 221 565; x_wconf 88' lang='lat' dir='ltr'><strong>quod</strong></span> <span class='ocrx_word' id='word_1_9' title='bbox 242 476 318 540; x_wconf 90' lang='lat' dir='ltr'><strong>alibi</strong></span> <span class='ocrx_word' id='word_1_10' title='bbox 342 477 538 542; x_wconf 87' lang='lat' dir='ltr'><strong>notavimus.</strong></span> <span class='ocrx_word' id='word_1_11' title='bbox 567 477 658 543; x_wconf 87' lang='lat' dir='ltr'>Idem</span> <span class='ocrx_word' id='word_1_12' title='bbox 681 479 815 544; x_wconf 84' lang='lat' dir='ltr'><strong>Flaccus</strong></span> <span class='ocrx_word' id='word_1_13' title='bbox 839 477 956 541; x_wconf 90' lang='lat' dir='ltr'><strong>habuit</strong></span> <span class='ocrx_word' id='word_1_14' title='bbox 978 477 1064 539; x_wconf 91' lang='lat' dir='ltr'><strong>inter</strong></span> <span class='ocrx_word' id='word_1_15' title='bbox 1088 476 1211 539; x_wconf 89' lang='lat' dir='ltr'><strong>amicos</strong></span> 
     </span>
     <span class='ocr_line' id='line_1_3' title="bbox 128 579 1211 668; baseline -0.003 -22"><span class='ocrx_word' id='word_1_16' title='bbox 128 581 334 663; x_wconf 87' lang='lat' dir='ltr'><strong>Secundum,</strong></span> <span class='ocrx_word' id='word_1_17' title='bbox 344 581 804 665; x_wconf 89' lang='lat' dir='ltr'><strong>Maternum,StellametVal.</strong></span> <span class='ocrx_word' id='word_1_18' title='bbox 817 583 998 647; x_wconf 82' lang='lat' dir='ltr'><strong>Martialem</strong></span> <span class='ocrx_word' id='word_1_19' title='bbox 1010 580 1067 668; x_wconf 88' lang='lat' dir='ltr'><strong>qui</strong></span> <span class='ocrx_word' id='word_1_20' title='bbox 1078 579 1120 644; x_wconf 87' lang='lat' dir='ltr'><strong>ad</strong></span> <span class='ocrx_word' id='word_1_21' title='bbox 1132 603 1211 644; x_wconf 92' lang='lat' dir='ltr'><strong>eum</strong></span> 
     </span>
     <span class='ocr_line' id='line_1_4' title="bbox 129 686 1212 779; baseline -0.003 -27"><span class='ocrx_word' id='word_1_22' title='bbox 129 687 262 768; x_wconf 87' lang='lat' dir='ltr'><strong>scribit,</strong></span> <span class='ocrx_word' id='word_1_23' title='bbox 283 687 418 776; x_wconf 88' lang='lat' dir='ltr'><strong>ejusque</strong></span> <span class='ocrx_word' id='word_1_24' title='bbox 443 686 663 753; x_wconf 88' lang='lat' dir='ltr'><strong>eruditionem</strong></span> <span class='ocrx_word' id='word_1_25' title='bbox 689 710 887 779; x_wconf 80' lang='lat' dir='ltr'><strong>magnopere</strong></span> <span class='ocrx_word' id='word_1_26' title='bbox 913 686 1048 752; x_wconf 81' lang='lat' dir='ltr'><strong>extollit.</strong></span> <span class='ocrx_word' id='word_1_27' title='bbox 1073 688 1212 750; x_wconf 84' lang='lat' dir='ltr'><strong>Constat</strong></span> 
     </span>
     <span class='ocr_line' id='line_1_5' title="bbox 127 790 1212 882; baseline -0.001 -26"><span class='ocrx_word' id='word_1_28' title='bbox 127 793 219 857; x_wconf 91' lang='lat' dir='ltr'><strong>hunc</strong></span> <span class='ocrx_word' id='word_1_29' title='bbox 235 792 392 856; x_wconf 90' lang='lat' dir='ltr'><strong>mediocri</strong></span> <span class='ocrx_word' id='word_1_30' title='bbox 409 815 510 857; x_wconf 92' lang='lat' dir='ltr'><strong>censu</strong></span> <span class='ocrx_word' id='word_1_31' title='bbox 524 816 561 858; x_wconf 87' lang='lat' dir='ltr'><strong>ac</strong></span> <span class='ocrx_word' id='word_1_32' title='bbox 575 816 659 882; x_wconf 88' lang='lat' dir='ltr'><strong>pene</strong></span> <span class='ocrx_word' id='word_1_33' title='bbox 675 794 768 858; x_wconf 89' lang='lat' dir='ltr'><strong>tenui</strong></span> <span class='ocrx_word' id='word_1_34' title='bbox 785 793 900 874; x_wconf 87' lang='lat' dir='ltr'><strong>fuisse,</strong></span> <span class='ocrx_word' id='word_1_35' title='bbox 915 808 948 856; x_wconf 91' lang='lat' dir='ltr'><strong>et</strong></span> <span class='ocrx_word' id='word_1_36' title='bbox 960 790 1120 880; x_wconf 84' lang='lat' dir='ltr'><strong>praedium</strong></span> <span class='ocrx_word' id='word_1_37' title='bbox 1133 812 1212 879; x_wconf 90' lang='lat' dir='ltr'><strong>pos·</strong></span> 
     </span>
     <span class='ocr_line' id='line_1_6' title="bbox 129 896 1214 986; baseline -0.003 -25"><span class='ocrx_word' id='word_1_38' title='bbox 129 896 251 961; x_wconf 82' lang='lat' dir='ltr'><strong>sedisse</strong></span> <span class='ocrx_word' id='word_1_39' title='bbox 268 897 438 986; x_wconf 84' lang='lat' dir='ltr'><strong>exiguum,</strong></span> <span class='ocrx_word' id='word_1_40' title='bbox 453 897 488 960; x_wconf 89' lang='lat' dir='ltr'><strong>in</strong></span> <span class='ocrx_word' id='word_1_41' title='bbox 508 913 639 985; x_wconf 90' lang='lat' dir='ltr'><strong>quo,ut</strong></span> <span class='ocrx_word' id='word_1_42' title='bbox 657 898 813 963; x_wconf 82' lang='lat' dir='ltr'><strong>Martialis</strong></span> <span class='ocrx_word' id='word_1_43' title='bbox 832 896 951 980; x_wconf 85' lang='lat' dir='ltr'><strong>refert,</strong></span> <span class='ocrx_word' id='word_1_44' title='bbox 965 897 1135 960; x_wconf 85' lang='lat' dir='ltr'><strong>Musarum</strong></span> <span class='ocrx_word' id='word_1_45' title='bbox 1153 919 1214 959; x_wconf 91' lang='lat' dir='ltr'><strong>cu·</strong></span> 
     </span>
     <span class='ocr_line' id='line_1_7' title="bbox 128 1002 1213 1092; baseline -0.001 -26"><span class='ocrx_word' id='word_1_46' title='bbox 128 1025 180 1066; x_wconf 90' lang='lat' dir='ltr'><strong>ras</strong></span> <span class='ocrx_word' id='word_1_47' title='bbox 196 1019 379 1091; x_wconf 87' lang='lat' dir='ltr'><strong>reponeret.</strong></span> <span class='ocrx_word' id='word_1_48' title='bbox 398 1003 512 1091; x_wconf 88' lang='lat' dir='ltr'><strong>Itaque</strong></span> <span class='ocrx_word' id='word_1_49' title='bbox 524 1003 681 1068; x_wconf 90' lang='lat' dir='ltr'><strong>Martialis</strong></span> <span class='ocrx_word' id='word_1_50' title='bbox 696 1005 797 1069; x_wconf 90' lang='lat' dir='ltr'><strong>libere</strong></span> <span class='ocrx_word' id='word_1_51' title='bbox 814 1004 924 1092; x_wconf 92' lang='lat' dir='ltr'><strong>ipsum</strong></span> <span class='ocrx_word' id='word_1_52' title='bbox 939 1020 1068 1083; x_wconf 87' lang='lat' dir='ltr'><strong>monet,</strong></span> <span class='ocrx_word' id='word_1_53' title='bbox 1080 1018 1119 1066; x_wconf 89' lang='lat' dir='ltr'><strong>ut</strong></span> <span class='ocrx_word' id='word_1_54' title='bbox 1136 1002 1213 1065; x_wconf 91' lang='lat' dir='ltr'><strong>reli·</strong></span> 
     </span>
     <span class='ocr_line' id='line_1_8' title="bbox 130 1106 1211 1199; baseline -0.001 -27"><span class='ocrx_word' id='word_1_55' title='bbox 130 1109 190 1172; x_wconf 89' lang='lat' dir='ltr'><strong>ctis</strong></span> <span class='ocrx_word' id='word_1_56' title='bbox 201 1109 304 1172; x_wconf 90' lang='lat' dir='ltr'><strong>Musis</strong></span> <span class='ocrx_word' id='word_1_57' title='bbox 313 1125 411 1197; x_wconf 89' lang='lat' dir='ltr'><strong>atque</strong></span> <span class='ocrx_word' id='word_1_58' title='bbox 427 1110 514 1193; x_wconf 91' lang='lat' dir='ltr'><strong>otio,</strong></span> <span class='ocrx_word' id='word_1_59' title='bbox 525 1110 616 1174; x_wconf 91' lang='lat' dir='ltr'><strong>malit</strong></span> <span class='ocrx_word' id='word_1_60' title='bbox 629 1110 664 1174; x_wconf 90' lang='lat' dir='ltr'><strong>in</strong></span> <span class='ocrx_word' id='word_1_61' title='bbox 677 1110 750 1174; x_wconf 83' lang='lat' dir='ltr'><strong>foro</strong></span> <span class='ocrx_word' id='word_1_62' title='bbox 764 1128 797 1175; x_wconf 90' lang='lat' dir='ltr'><strong>et</strong></span> <span class='ocrx_word' id='word_1_63' title='bbox 810 1109 914 1174; x_wconf 89' lang='lat' dir='ltr'><strong>causis</strong></span> <span class='ocrx_word' id='word_1_64' title='bbox 928 1107 1061 1199; x_wconf 81' lang='lat' dir='ltr'><strong>agendis</strong></span> <span class='ocrx_word' id='word_1_65' title='bbox 1075 1106 1211 1186; x_wconf 85' lang='lat' dir='ltr'><strong>versari,</strong></span> 
     </span>
     <span class='ocr_line' id='line_1_9' title="bbox 131 1213 1213 1313; baseline -0.002 -36"><span class='ocrx_word' id='word_1_66' title='bbox 131 1213 288 1302; x_wconf 88' lang='lat' dir='ltr'><strong>quoniam</strong></span> <span class='ocrx_word' id='word_1_67' title='bbox 304 1214 480 1278; x_wconf 90' lang='lat' dir='ltr'><strong>Poetarum</strong></span> <span class='ocrx_word' id='word_1_68' title='bbox 497 1213 605 1313; x_wconf 67' lang='lat' dir='ltr'><strong>studia</strong></span> <span class='ocrx_word' id='word_1_69' title='bbox 625 1215 715 1303; x_wconf 88' lang='lat' dir='ltr'><strong>parvi</strong></span> <span class='ocrx_word' id='word_1_70' title='bbox 732 1213 913 1280; x_wconf 85' lang='lat' dir='ltr'><strong>admodum</strong></span> <span class='ocrx_word' id='word_1_71' title='bbox 931 1229 1153 1294; x_wconf 84' lang='lat' dir='ltr'><strong>censerentur,</strong></span> <span class='ocrx_word' id='word_1_72' title='bbox 1172 1226 1213 1275; x_wconf 93' lang='lat' dir='ltr'><strong>ut</strong></span> 
     </span>
     <span class='ocr_line' id='line_1_10' title="bbox 131 1319 464 1409; baseline 0.009 -27"><span class='ocrx_word' id='word_1_73' title='bbox 131 1319 182 1385; x_wconf 93' lang='lat' dir='ltr'><strong>his</strong></span> <span class='ocrx_word' id='word_1_74' title='bbox 195 1320 344 1386; x_wconf 87' lang='lat' dir='ltr'><strong>versibus</strong></span> <span class='ocrx_word' id='word_1_75' title='bbox 359 1335 464 1409; x_wconf 90' lang='lat' dir='ltr'><strong>patet:</strong></span> 
     </span>
    </p>
   </div>
   <div class='ocr_carea' id='block_1_3' title="bbox 272 1479 1043 1908">
    <p class='ocr_par' dir='ltr' id='par_1_3' title="bbox 272 1479 908 1552">
     <span class='ocr_line' id='line_1_11' title="bbox 272 1479 908 1552; baseline -0.005 -19"><span class='ocrx_word' id='word_1_76' title='bbox 272 1480 298 1533; x_wconf 92' lang='grc' dir='ltr'>Ο</span> <span class='ocrx_word' id='word_1_77' title='bbox 307 1479 373 1532; x_wconf 89' lang='lat' dir='ltr'><strong>mihi</strong></span> <span class='ocrx_word' id='word_1_78' title='bbox 381 1497 508 1533; x_wconf 86' lang='lat' dir='ltr'><strong>curarum</strong></span> <span class='ocrx_word' id='word_1_79' title='bbox 516 1479 632 1552; x_wconf 86' lang='lat' dir='ltr'><strong>pretium</strong></span> <span class='ocrx_word' id='word_1_80' title='bbox 642 1499 697 1533; x_wconf 91' lang='lat' dir='ltr'><strong>non</strong></span> <span class='ocrx_word' id='word_1_81' title='bbox 707 1479 760 1532; x_wconf 86' lang='lat' dir='ltr'><strong>vile</strong></span> <span class='ocrx_word' id='word_1_82' title='bbox 770 1497 908 1545; x_wconf 86' lang='lat' dir='ltr'><strong>mearum,</strong></span> 
     </span>
    </p>

    <p class='ocr_par' dir='ltr' id='par_1_4' title="bbox 273 1557 980 1729">
     <span class='ocr_line' id='line_1_12' title="bbox 308 1557 980 1639; baseline -0.003 -19"><span class='ocrx_word' id='word_1_83' title='bbox 308 1567 419 1630; x_wconf 82' lang='lat' dir='ltr'><strong>Flacco,</strong></span> <span class='ocrx_word' id='word_1_84' title='bbox 429 1568 573 1620; x_wconf 79' lang='lat' dir='ltr'><strong>Antenorei</strong></span> <span class='ocrx_word' id='word_1_85' title='bbox 582 1585 642 1639; x_wconf 82' lang='lat' dir='ltr'><strong>spes</strong></span> <span class='ocrx_word' id='word_1_86' title='bbox 651 1578 676 1619; x_wconf 83' lang='lat' dir='ltr'><strong>et</strong></span> <span class='ocrx_word' id='word_1_87' title='bbox 686 1568 795 1621; x_wconf 88' lang='lat' dir='ltr'><strong>alumne</strong></span> <span class='ocrx_word' id='word_1_88' title='bbox 807 1567 887 1630; x_wconf 88' lang='lat' dir='ltr'><strong>laris,</strong></span> <span class='ocrx_word' id='word_1_89' title='bbox 920 1598 923 1604; x_wconf 96' lang='lat'>-</span> <span class='ocrx_word' id='word_1_90' title='bbox 977 1557 980 1563; x_wconf 43' lang='lat'>⁵</span> 
     </span>
     <span class='ocr_line' id='line_1_13' title="bbox 273 1655 934 1729; baseline -0.003 -20"><span class='ocrx_word' id='word_1_91' title='bbox 273 1657 373 1712; x_wconf 80' lang='lat' dir='ltr'><strong>Pierios</strong></span> <span class='ocrx_word' id='word_1_92' title='bbox 385 1655 465 1708; x_wconf 81' lang='lat' dir='ltr'><strong>differ</strong></span> <span class='ocrx_word' id='word_1_93' title='bbox 478 1668 626 1729; x_wconf 85' lang='lat' dir='ltr'><strong>cantusque</strong></span> <span class='ocrx_word' id='word_1_94' title='bbox 637 1656 786 1729; x_wconf 88' lang='lat' dir='ltr'><strong>chorosque</strong></span> <span class='ocrx_word' id='word_1_95' title='bbox 795 1673 934 1710; x_wconf 86' lang='lat' dir='ltr'><strong>sororum:</strong></span> 
     </span>
    </p>

    <p class='ocr_par' dir='ltr' id='par_1_5' title="bbox 277 1742 1043 1908">
     <span class='ocr_line' id='line_1_14' title="bbox 310 1742 875 1816; baseline -0.004 -20"><span class='ocrx_word' id='word_1_96' title='bbox 310 1747 357 1798; x_wconf 85' lang='lat' dir='ltr'><strong>AEs</strong></span> <span class='ocrx_word' id='word_1_97' title='bbox 366 1742 440 1797; x_wconf 85' lang='lat' dir='ltr'><strong>debit</strong></span> <span class='ocrx_word' id='word_1_98' title='bbox 450 1744 548 1798; x_wconf 85' lang='lat' dir='ltr'><strong>existis</strong></span> <span class='ocrx_word' id='word_1_99' title='bbox 560 1745 636 1798; x_wconf 88' lang='lat' dir='ltr'><strong>nulla</strong></span> <span class='ocrx_word' id='word_1_100' title='bbox 646 1744 737 1816; x_wconf 87' lang='lat' dir='ltr'><strong>puella</strong></span> <span class='ocrx_word' id='word_1_101' title='bbox 746 1744 820 1797; x_wconf 89' lang='lat' dir='ltr'><strong>tibi..</strong></span> <span class='ocrx_word' id='word_1_102' title='bbox 832 1784 838 1796; x_wconf 92' lang='lat'><strong>.</strong></span> <span class='ocrx_word' id='word_1_103' title='bbox 849 1781 856 1794; x_wconf 89' lang='lat'><strong>.</strong></span> <span class='ocrx_word' id='word_1_104' title='bbox 867 1781 875 1794; x_wconf 93' lang='lat'><strong>.</strong></span> 
     </span>
     <span class='ocr_line' id='line_1_15' title="bbox 277 1829 1043 1908; baseline -0.007 -22"><span class='ocrx_word' id='word_1_105' title='bbox 277 1832 351 1899; x_wconf 88' lang='lat' dir='ltr'><strong>Quid</strong></span> <span class='ocrx_word' id='word_1_106' title='bbox 364 1833 414 1887; x_wconf 84' lang='lat' dir='ltr'><strong>tihi</strong></span> <span class='ocrx_word' id='word_1_107' title='bbox 423 1850 486 1887; x_wconf 87' lang='lat' dir='ltr'><strong>oum</strong></span> <span class='ocrx_word' id='word_1_108' title='bbox 496 1833 621 1908; x_wconf 76' lang='lat' dir='ltr'><strong>Cyrrha?</strong></span> <span class='ocrx_word' id='word_1_109' title='bbox 630 1833 697 1905; x_wconf 88' lang='lat' dir='ltr'><strong>quid</strong></span> <span class='ocrx_word' id='word_1_110' title='bbox 705 1852 768 1888; x_wconf 90' lang='lat' dir='ltr'><strong>cum</strong></span> <span class='ocrx_word' id='word_1_111' title='bbox 777 1830 945 1886; x_wconf 87' lang='lat' dir='ltr'><strong>Permesside</strong></span> <span class='ocrx_word' id='word_1_112' title='bbox 952 1829 1043 1883; x_wconf 76' lang='lat' dir='ltr'><strong>nuda?</strong></span> 
     </span>
    </p>
   </div>
   <div class='ocr_carea' id='block_1_4' title="bbox 267 1922 925 2088">
    <p class='ocr_par' dir='ltr' id='par_1_6' title="bbox 267 1922 925 2088">
     <span class='ocr_line' id='line_1_16' title="bbox 311 1922 925 1996; baseline 0 -22"><span class='ocrx_word' id='word_1_113' title='bbox 311 1923 464 1974; x_wconf 85' lang='lat' dir='ltr'><strong>Romanum</strong></span> <span class='ocrx_word' id='word_1_114' title='bbox 475 1923 586 1996; x_wconf 88' lang='lat' dir='ltr'><strong>propius</strong></span> <span class='ocrx_word' id='word_1_115' title='bbox 598 1922 762 1996; x_wconf 85' lang='lat' dir='ltr'><strong>divitiusque</strong></span> <span class='ocrx_word' id='word_1_116' title='bbox 772 1925 862 1977; x_wconf 87' lang='lat' dir='ltr'><strong>forum</strong></span> <span class='ocrx_word' id='word_1_117' title='bbox 876 1932 925 1976; x_wconf 88' lang='lat' dir='ltr'><strong>est.</strong></span> 
     </span>
     <span class='ocr_line' id='line_1_17' title="bbox 267 2009 605 2088; baseline 0.012 -28"><span class='ocrx_word' id='word_1_118' title='bbox 267 2009 336 2088; x_wconf 20' lang='lat' dir='ltr'><strong>*lllic</strong></span> <span class='ocrx_word' id='word_1_119' title='bbox 352 2029 404 2064; x_wconf 87' lang='lat' dir='ltr'><strong>asra</strong></span> <span class='ocrx_word' id='word_1_120' title='bbox 420 2023 537 2075; x_wconf 86' lang='lat' dir='ltr'><strong>sonant,</strong></span> <span class='ocrx_word' id='word_1_121' title='bbox 553 2022 605 2064; x_wconf 88' lang='lat' dir='ltr'><strong>etc.</strong></span> 
     </span>
    </p>
   </div>
   <div class='ocr_carea' id='block_1_5' title="bbox 134 2180 1214 2489">
    <p class='ocr_par' dir='ltr' id='par_1_7' title="bbox 134 2180 1214 2489">
     <span class='ocr_line' id='line_1_18' title="bbox 178 2180 1212 2267; baseline -0.001 -24"><span class='ocrx_word' id='word_1_122' title='bbox 178 2180 322 2244; x_wconf 86' lang='lat' dir='ltr'><strong>Puerum</strong></span> <span class='ocrx_word' id='word_1_123' title='bbox 341 2182 474 2246; x_wconf 87' lang='lat' dir='ltr'><strong>Flaccus</strong></span> <span class='ocrx_word' id='word_1_124' title='bbox 499 2180 615 2246; x_wconf 89' lang='lat' dir='ltr'><strong>habuit</strong></span> <span class='ocrx_word' id='word_1_125' title='bbox 637 2183 672 2245; x_wconf 91' lang='lat' dir='ltr'><strong>in</strong></span> <span class='ocrx_word' id='word_1_126' title='bbox 695 2180 837 2263; x_wconf 89' lang='lat' dir='ltr'><strong>deliciis,</strong></span> <span class='ocrx_word' id='word_1_127' title='bbox 856 2201 955 2267; x_wconf 90' lang='lat' dir='ltr'><strong>quem</strong></span> <span class='ocrx_word' id='word_1_128' title='bbox 977 2180 1212 2243; x_wconf 83' lang='lat' dir='ltr'><strong>Amazonicum</strong></span> 
     </span>
     <span class='ocr_line' id='line_1_19' title="bbox 134 2287 1214 2378; baseline -0.002 -27"><span class='ocrx_word' id='word_1_129' title='bbox 134 2288 268 2376; x_wconf 91' lang='lat' dir='ltr'><strong>quidem</strong></span> <span class='ocrx_word' id='word_1_130' title='bbox 285 2289 466 2378; x_wconf 87' lang='lat' dir='ltr'><strong>appellant:</strong></span> <span class='ocrx_word' id='word_1_131' title='bbox 481 2289 550 2369; x_wconf 91' lang='lat' dir='ltr'><strong>ejus</strong></span> <span class='ocrx_word' id='word_1_132' title='bbox 567 2305 676 2354; x_wconf 90' lang='lat' dir='ltr'><strong>autem</strong></span> <span class='ocrx_word' id='word_1_133' title='bbox 692 2289 848 2370; x_wconf 83' lang='lat' dir='ltr'><strong>formam,</strong></span> <span class='ocrx_word' id='word_1_134' title='bbox 865 2303 963 2374; x_wconf 90' lang='lat' dir='ltr'><strong>atque</strong></span> <span class='ocrx_word' id='word_1_135' title='bbox 982 2287 1141 2368; x_wconf 87' lang='lat' dir='ltr'><strong>indolem,</strong></span> <span class='ocrx_word' id='word_1_136' title='bbox 1154 2308 1214 2349; x_wconf 83' lang='lat' dir='ltr'><strong>ve·</strong></span> 
     </span>
     <span class='ocr_line' id='line_1_20' title="bbox 135 2392 1213 2489; baseline -0.001 -31"><span class='ocrx_word' id='word_1_137' title='bbox 135 2412 317 2478; x_wconf 85' lang='lat' dir='ltr'><strong>nustatem,</strong></span> <span class='ocrx_word' id='word_1_138' title='bbox 330 2397 468 2486; x_wconf 81' lang='lat' dir='ltr'><strong>eleganti</strong></span> <span class='ocrx_word' id='word_1_139' title='bbox 484 2399 715 2489; x_wconf 87' lang='lat' dir='ltr'><strong>epigrammate</strong></span> <span class='ocrx_word' id='word_1_140' title='bbox 730 2397 801 2461; x_wconf 88' lang='lat' dir='ltr'><strong>Val&#39;.</strong></span> <span class='ocrx_word' id='word_1_141' title='bbox 821 2394 974 2459; x_wconf 90' lang='lat' dir='ltr'><strong>Martialis</strong></span> <span class='ocrx_word' id='word_1_142' title='bbox 990 2392 1213 2481; x_wconf 84' lang='lat' dir='ltr'><strong>prosequitur.</strong></span> 
     </span>
    </p>
   </div>
   <div class='ocr_carea' id='block_1_6' title="bbox 134 2498 1214 2595">
    <p class='ocr_par' dir='ltr' id='par_1_8' title="bbox 134 2498 1214 2595">
     <span class='ocr_line' id='line_1_21' title="bbox 134 2498 1214 2595; baseline -0.006 -30"><span class='ocrx_word' id='word_1_143' title='bbox 134 2501 184 2565; x_wconf 92' lang='lat' dir='ltr'><strong>De</strong></span> <span class='ocrx_word' id='word_1_144' title='bbox 202 2503 264 2566; x_wconf 90' lang='lat' dir='ltr'><strong>alio</strong></span> <span class='ocrx_word' id='word_1_145' title='bbox 281 2518 390 2568; x_wconf 89' lang='lat' dir='ltr'><strong>autern</strong></span> <span class='ocrx_word' id='word_1_146' title='bbox 412 2504 547 2595; x_wconf 79' lang='lat' dir='ltr'><strong>Flacco,</strong></span> <span class='ocrx_word' id='word_1_147' title='bbox 564 2505 624 2593; x_wconf 90' lang='lat' dir='ltr'><strong>qui</strong></span> <span class='ocrx_word' id='word_1_148' title='bbox 646 2504 876 2594; x_wconf 88' lang='lat' dir='ltr'><strong>epigrammata</strong></span> <span class='ocrx_word' id='word_1_149' title='bbox 893 2500 1040 2589; x_wconf 84' lang='lat' dir='ltr'><strong>scripsit,</strong></span> <span class='ocrx_word' id='word_1_150' title='bbox 1062 2520 1122 2561; x_wconf 90' lang='lat' dir='ltr'><strong>suo</strong></span> <span class='ocrx_word' id='word_1_151' title='bbox 1138 2498 1214 2560; x_wconf 91' lang='lat' dir='ltr'><strong>loco</strong></span> 
     </span>
    </p>
   </div>
   <div class='ocr_carea' id='block_1_7' title="bbox 137 2605 288 2674">
    <p class='ocr_par' dir='ltr' id='par_1_9' title="bbox 137 2605 288 2674">
     <span class='ocr_line' id='line_1_22' title="bbox 137 2605 288 2674; baseline 0.026 -4"><span class='ocrx_word' id='word_1_152' title='bbox 137 2605 288 2674; x_wconf 83' lang='lat' dir='ltr'><strong>diximus.</strong></span> 
     </span>
    </p>
   </div>
   <div class='ocr_carea' id='block_1_8' title="bbox 0 0 1358 4830">
    <p class='ocr_par' dir='ltr' id='par_1_10' title="bbox 0 0 1358 4830">
     <span class='ocr_line' id='line_1_23' title="bbox 0 0 1358 4830; baseline 0 0"><span class='ocrx_word' id='word_1_153' title='bbox 0 0 1358 4830; x_wconf 95' lang='lat' dir='ltr'><strong> </strong></span> 
     </span>
    </p>
   </div>
  </div>
 </body>
</html>
