2686 4830
241 379 421 449 AEGIDII
448 382 658 452 MASERII
683 385 736 453 IN
764 386 953 455 ARGON.
1053 411 1136 455 xxm

67 526 158 571 mare
175 508 401 587 cantabundus
418 522 494 574 cum
512 511 605 575 sociis
622 528 788 599 penetrat,
799 528 912 600 estque
930 514 1073 603 primum
1088 516 1139 595 ju·

67 613 177 678 cunda
202 616 373 704 navigatio.
398 617 505 704 Quam
527 641 650 706 superos
671 621 773 706 tetigit
793 620 931 684 Ptoeaas
953 622 1140 687 candentior

68 742 150 784 ares
158 768 169 801 ‚
183 735 255 784 tum
269 722 352 786 nihil
365 739 428 806 est,
442 723 533 811 quod
546 741 690 789 mortem
697 726 832 814 ingerat.
844 725 923 808 Sed,
932 729 1017 815 proh
1030 727 1136 795 dolor!

67 826 229 891 incuriam
246 827 351 917 gignit
368 830 463 893 maris
483 831 714 917 tranquillitas,
731 831 788 896 ubi
805 832 1007 915 timendum,
1025 857 1067 898 ne
1085 857 1138 898 re·

66 933 203 1021 pentina
214 934 281 1016 vis,
297 950 330 998 et
343 924 449 998 subita
462 936 601 1023 ingruat.

68 1073 73 1084 ·
113 1039 213 1107 Vides
228 1040 297 1129 ipse
309 1058 385 1129 post
394 1040 480 1106 bene
496 1043 591 1131 coepti
602 1042 774 1108 dimidium
790 1046 825 1108 in
841 1045 937 1109 tertio
947 1068 1046 1110 cursu
1059 1046 1139 1111 deli-

68 1161 143 1210 cere
167 1145 359 1234 plerosque,
381 1171 464 1236 quos
481 1149 570 1211 nulla
585 1172 732 1237 unquam
750 1151 928 1216 commotio
950 1153 1137 1240 intercepit,

67 1250 157 1316 nulla
179 1252 382 1341 inquietudo.
402 1254 483 1318 Inde
501 1254 675 1334 Hercules,
696 1258 749 1321 cui
766 1258 868 1321 virtus
885 1282 903 1322 e
920 1259 1034 1348 pelago
1056 1260 1139 1324 viam

67 1357 110 1422 ad
125 1359 240 1423 caelum
263 1359 395 1423 tandem
413 1360 526 1424 fecisse
546 1360 675 1444 dicitur,
695 1362 787 1443 cujus
804 1365 954 1452 exemplo
974 1383 1140 1453 permotos

67 1463 203 1546 sentias,
218 1486 301 1552 quos
324 1465 485 1546 majorum
502 1489 626 1532 errores
641 1491 709 1532 non
727 1492 810 1559 aegre
826 1470 1041 1558 protrahunt,
1059 1472 1138 1534 tanti

66 1569 229 1634 momenti
245 1587 309 1652 est,
336 1594 434 1659 quem
453 1594 558 1659 usque
576 1596 733 1662 magnum
751 1574 937 1661 putavimus
960 1575 1141 1662 peruiciosa

66 1675 257 1757 auctoritas,
266 1700 366 1764 quem
377 1678 530 1743 comitata
541 1695 590 1743 est
598 1679 670 1744 vitae
684 1680 820 1743 nauticae
835 1681 1031 1760 constantia,
1041 1703 1141 1744 asser·

65 1780 218 1870 cavitque
226 1782 402 1872 integritas.
412 1783 476 1848 Sed
486 1785 664 1871 quidutres
672 1783 1056 1849 AEolimalasolventibus
1067 1786 1140 1850 alite
1207 1859 1211 1867 Ι

65 1885 269 1974 proficiunt?
285 1888 365 1975 quid
382 1911 449 1952 non
467 1888 588 1953 credita
607 1889 745 1954 deorum
762 1889 875 1968 juvant
892 1889 1048 1953 consilia?
1064 1913 1140 1955 cum

65 1990 146 2056 binc
161 2015 318 2081 superum
335 2016 424 2057 mare
441 1992 564 2076 saeviat,
578 1994 668 2058 illinc
682 1994 835 2058 ferociter
851 2010 964 2059 aestuet
981 1995 1140 2079 inferum,

65 2098 228 2163 Dextrum
240 2098 350 2184 Scylla
362 2098 461 2180 latus,
481 2100 595 2165 laevam
611 2101 786 2191 implacata
802 2100 977 2186 Charybdis
993 2102 1121 2166 Obsidet
1129 2149 1139 2180 ,

64 2207 217 2292 interque
239 2205 467 2295 Symplegadas
491 2222 650 2289 errantes,
672 2223 704 2270 et
731 2207 880 2271 Planctus
903 2206 1139 2270 transeundum

66 2311 128 2393 sit,
150 2312 209 2376 ubi
225 2313 336 2377 multis
350 2314 472 2402 perire,
491 2314 661 2403 perpaucis
682 2313 779 2376 datur
795 2312 896 2395 elabi,
921 2313 978 2400 qui
999 2313 1065 2392 jam
1084 2337 1140 2377 ve·

65 2412 171 2480 terani
193 2433 225 2480 et
241 2417 415 2482 occiduum
435 2418 537 2481 solem
555 2416 726 2483 casibundi
739 2434 930 2506 sequentes,
949 2418 1039 2505 quod
1057 2420 1141 2482 etia

66 2541 216 2612 superest
234 2546 337 2611 quum
353 2526 477 2588 sulcare
498 2524 695 2607 decernunt,
709 2525 743 2588 in
760 2541 859 2613 portu
877 2525 948 2613 ipso
959 2524 1016 2610 (ut
1034 2525 1140 2614 nosti)

65 2629 221 2718 frequens
235 2631 441 2720 naufragium
458 2630 598 2714 faciunt,
618 2631 752 2718 quidam
769 2631 913 2712 emeriti,
934 2631 1004 2712 alii,
1022 2632 1140 2718 quibus
1170 2710 1177 2716 p

68 2750 118 2800 est
144 2750 293 2800 senectus
311 2737 434 2819 vivida,
461 2752 493 2801 et
521 2760 600 2826 quas
623 2736 753 2801 aliunde
773 2739 929 2825 pretiosas
956 2761 1080 2802 merces
1109 2757 1141 2803 et

66 2841 207 2932 optimas
221 2859 399 2907 avexerunt
414 2843 426 2931 (
434 2844 538 2907 bonas
553 2835 639 2908 dicas
657 2845 872 2932 operationes,
885 2844 1086 2931 virtutesque
1100 2845 1140 2908 ab
1222 2918 1226 2923 ³

65 2948 203 3011 ineunte
219 2963 309 3011 oetate
322 2947 636 3037 partas),superbioe
655 2950 773 3036 spiritu
788 2948 916 3038 agitati,
931 2947 1011 3011 dum
1028 2950 1140 3011 rostris

66 3053 212 3134 ferratis,
230 3054 445 3141 trabibusque
466 3054 639 3136 connexis,
666 3070 698 3117 et
720 3053 920 3141 impotentiae
940 3053 1084 3140 corporis
1103 3052 1141 3116 fi-

67 3156 169 3240 dunt,
184 3159 270 3221 inter
283 3158 387 3222 undas
399 3159 516 3222 misere
526 3158 696 3246 explicant.
709 3157 776 3239 Qui
792 3179 869 3221 vero
882 3156 1051 3243 peritiores
1065 3174 1142 3221 sunt

66 3279 100 3328 et
119 3263 332 3346 cordatiores,
349 3267 437 3353 Argo
454 3263 556 3346 vecti,
574 3263 650 3327 litus
669 3262 832 3352 deligunt,
850 3263 909 3326 ubi
924 3286 1055 3352 aequora
1071 3279 1141 3329 tata

63 3368 167 3435 sz'lent.
182 3371 363 3458 Quumque
373 3370 492 3434 laboris
505 3371 609 3434 exitus
621 3368 691 3433 laete
705 3369 889 3456 concipitur
898 3419 907 3453 ,
917 3393 1002 3444 nova
1011 3388 1140 3434 succro·

65 3492 165 3541 scunt
179 3475 338 3563 pericula,
355 3498 460 3540 novus
478 3490 583 3539 terror
597 3491 721 3539 mentes
736 3477 898 3564 percellit,
916 3499 1049 3564 quoque
1063 3500 1141 3564 pro·

64 3582 140 3670 pior
156 3599 206 3646 est
218 3581 346 3646 sudoris
360 3583 520 3670 pensatio,
537 3604 576 3646 eo
591 3598 640 3646 est
655 3583 802 3646 bostium
815 3582 979 3647 crudelior
989 3583 1139 3646 insultus.

65 3689 156 3753 Tum
173 3711 244 3777 spes
255 3687 409 3776 potiundi
422 3688 548 3751 velleris
560 3711 619 3776 per
634 3689 795 3777 ignaviam
808 3690 876 3752 aliis
892 3689 1012 3769 evolat,
1027 3688 1142 3751 incon·

66 3816 250 3882 cussusque
263 3810 338 3858 ante
354 3794 481 3857 abimus
495 3796 731 3882 supplantatur.
743 3795 795 3858 Sic
808 3817 906 3858 aurea
918 3815 1040 3856 merces
1053 3792 1143 3856 subs·

69 3901 218 3966 trabitur.
236 3901 334 3965 Adest
352 3926 494 3989 namque
514 3901 526 3989 (
536 3919 573 3965 ut
591 3903 731 3990 apertius
751 3903 865 3991 agam)
884 3898 1012 3962 ‹laemon
1034 3899 1141 3962 borri-

67 4006 148 4088 dus,
169 4007 274 4070 multo
290 4008 419 4072 innixus
438 4009 650 4089 vaframento,
668 4023 873 4092 tartareoque
890 4005 1027 4092 agitatus
1045 4020 1141 4069 restro

70 4114 226 4204 insurgit,
241 4135 339 4200 quem
356 4115 441 4179 tauri
459 4114 539 4179 colla
555 4113 679 4178 tumida
694 4114 823 4194 juvant,
839 4127 968 4174 armant
985 4110 1142 4197 superbiae
