2686 4830
216 344 364 412 PRAEF.
392 341 481 408 AEG.
511 341 723 410 MASERII
755 342 809 412 IN
840 342 1032 413 ARGON.
1071 367 1162 413 xxm

82 496 217 564 rapere,
228 471 421 538 incumbere
434 470 549 551 remis,
562 471 770 558 celocemque
778 470 862 535 vado
875 472 1052 543 haerentem
1063 492 1163 543 conto

83 581 243 667 tantisper
256 577 423 666 impellere
433 576 564 658 jubeat,
580 575 662 641 dum
678 576 727 641 vis
740 593 915 644 ventorum
934 582 1095 645 contraria
1108 604 1165 668 pe·

83 686 246 751 detentim
269 707 303 749 se
327 682 514 765 contrahat,
540 683 776 771 elangueatque
793 698 982 773 tempestas,
999 681 1165 752 flaccescet

84 793 275 857 nimborum
291 790 461 871 violentia,
484 789 642 877 stratique
657 789 797 877 aequoris
820 792 953 857 malacia
971 795 1099 882 optanti
1113 818 1165 859 re-

82 902 169 966 deat.
190 901 345 987 Quique,
370 899 397 962 si
415 900 567 988 persistat
586 898 691 963 hiems
711 899 861 983 horrida,
883 924 1014 988 proram
1033 920 1164 971 contra-

83 1007 213 1088 serens,
232 1006 356 1083 malum
378 1002 589 1093 confringens
606 1019 637 1068 et
654 1003 829 1087 rudentes,
852 1007 964 1095 nilque
980 1008 1071 1096 quod
1087 1011 1164 1074 artis

84 1113 186 1177 fuerit
205 1111 426 1192 obliviscatur,
448 1125 601 1193 moneat,
618 1111 752 1193 soletur,
768 1113 955 1199 promittat,
970 1115 1164 1204 clavumque

84 1218 301 1283 rectissimum
321 1230 509 1280 constanter
527 1215 689 1297 retinens,
703 1239 826 1280 sacram
840 1213 933 1283 fessis
949 1235 1092 1285 ostentet
1105 1244 1164 1286 an·

83 1325 219 1389 choram
233 1371 243 1405 ,
259 1345 319 1387 nec
330 1317 452 1410 frigore
465 1338 654 1410 torpescens
666 1338 758 1386 metu
772 1323 891 1388 fructos
903 1324 1038 1401 excitet,
1052 1342 1099 1408 et,
1112 1327 1163 1391 in·

83 1430 158 1494 vitis
170 1425 342 1509 fluctibus,
353 1450 487 1492 cursum
506 1427 688 1515 prudenter
704 1428 849 1506 varians,
863 1429 905 1494 ad
923 1432 1162 1499 conclamatum

84 1535 202 1623 saepius
225 1550 358 1621 portum
385 1531 537 1614 reducat,
561 1549 702 1621 quotum
724 1558 744 1597 a
764 1534 872 1622 primo
893 1535 1042 1622 putabis?
1060 1538 1162 1625 Atqui

83 1642 165 1705 tales
181 1639 331 1728 phoenice
351 1638 407 1726 (ut
421 1637 536 1725 aiunt)
560 1639 698 1703 rariores
714 1639 879 1721 videmus3
894 1663 999 1729 quum
1015 1641 1163 1730 plerique

84 1746 139 1810 alii
157 1746 237 1826 sint,
260 1744 318 1833 qui
339 1759 396 1807 aut
422 1742 592 1807 dexterum
610 1746 712 1809 Lunae
728 1745 887 1808 circulum
909 1746 1162 1833 Agamemnonis

85 1853 235 1940 exemplo
253 1850 446 1931 observant5
464 1864 522 1912 aut
540 1872 616 1913 cunr
636 1849 791 1937 segnibus
814 1851 1162 1938 comperendinautes,

84 1975 160 2047 post
185 1979 331 2021 serenam
351 1979 386 2019 se
407 1955 577 2019 belliorem
599 1978 727 2042 sperare
749 1955 944 2043 praedicant,
962 1981 1163 2047 cursumque

83 2062 244 2153 ignaviter
263 2061 480 2125 detrectantes
501 2061 657 2149 optimam
681 2084 862 2148 numquam
883 2080 1068 2148 causantur,
1087 2066 1164 2131 licet

84 2170 208 2232 nullam
230 2169 265 2231 in
285 2166 402 2231 Aulide
417 2188 543 2230 moram
561 2167 757 2255 praenuntiet
777 2167 942 2249 futuram,
960 2191 1021 2234 nec
1037 2169 1079 2235 ad
1098 2173 1162 2235 Ca·

82 2277 204 2365 pharea
226 2273 432 2362 naufragium
453 2272 637 2359 portendat.

129 2381 257 2457 Horum
274 2377 442 2442 sententiae
469 2378 496 2439 si
515 2399 627 2440 meum
644 2378 805 2442 calculum
820 2378 940 2445 addere
956 2382 1161 2471 contigisset,

83 2510 222 2553 aureum
238 2485 340 2561 vellus
357 2483 462 2572 (absit
479 2506 498 2546 a
512 2483 614 2547 verbo
633 2485 771 2549 tumoris
797 2485 927 2574 opinio)
938 2488 1025 2553 inter
1046 2488 1162 2555 densas

82 2589 149 2655 luci
167 2588 276 2652 Martii
294 2585 425 2650 umbras
445 2607 534 2649 nunc
554 2608 688 2673 quoque
706 2585 905 2651 occultatum
925 2607 1082 2654 maneret.
1099 2591 1163 2657 Sed

83 2688 166 2778 quid
181 2687 222 2752 ad
240 2685 318 2751 me?
334 2686 482 2775 inquies,
494 2686 711 2750 Maecenatum
728 2687 883 2753 maxime:
898 2689 978 2776 quid
996 2684 1093 2757 remis
1109 2716 1165 2757 ru·

83 2795 181 2859 dibus
205 2816 282 2858 cum
309 2791 496 2881 theologia?
513 2791 604 2875 Quid
632 2792 789 2880 Neptuno
816 2816 892 2858 cum
910 2795 1066 2862 Christo?
1080 2799 1162 2887 quid

83 2916 227 2988 quatuor
236 2897 409 2988 regionum
420 2896 525 2960 ventis
536 2945 545 2974 ,
557 2896 802 2986 remigibusque
816 2922 892 2962 cum
907 2918 1049 2988 quatuor
1060 2905 1164 2970 Evan-

84 3006 215 3095 gelistis,
228 3003 430 3084 doctoribus;
443 3002 564 3091 angelis
577 3002 617 3066 ad
628 3003 816 3067 nocendum
831 3021 924 3069 terrae
939 3024 971 3070 et
984 3010 1064 3072 mari
1077 3028 1164 3075 nutu

84 3112 196 3176 divino
209 3110 350 3197 emissis,
360 3104 532 3195 fluviisque
547 3131 564 3171 e
576 3107 750 3196 voluptatis
764 3110 838 3172 loco
853 3113 1078 3192 manantibus,
1091 3140 1164 3204 quae

86 3216 310 3305 quaternarius
335 3215 563 3301 complectitur
579 3213 892 3278 numerusPNonne
913 3219 1003 3304 quod
1026 3244 1101 3285 cum
1125 3221 1164 3286 fi·

85 3324 182 3388 dibus
204 3323 262 3412 (ut
277 3320 415 3408 dicitur)
439 3319 595 3409 graculo?
607 3336 664 3383 aut
689 3343 764 3385 cum
790 3323 972 3388 amaracino
995 3327 1164 3394 suiiVale

84 3453 162 3495 cum
179 3445 238 3494 tuo
252 3426 455 3517 (subjunges)
466 3427 662 3491 lenunculo:
678 3428 937 3518 Anticyrasque,
958 3432 1164 3501 helleborum

83 3560 243 3628 perquam
267 3535 397 3600 abunde
419 3557 610 3615 mansuruS,
641 3534 668 3598 si
688 3535 798 3605 salutis
819 3560 897 3602 cura
918 3555 984 3620 est,
1001 3564 1100 3628 quam
1117 3545 1165 3607 ci.

84 3645 208 3709 tissime
233 3641 355 3730 poteris
376 3640 388 3728 (
395 3662 471 3703 nam
499 3663 590 3703 mora
619 3639 828 3728 dispendium
857 3642 971 3732 affert)
990 3645 1164 3738 adnaviga3

84 3750 142 3838 qui
159 3765 276 3836 praeter
293 3745 522 3834 sapientissimi
545 3746 676 3810 Catonis
699 3747 887 3813 institutum
910 3771 964 3814 me
987 3753 1085 3817 undis
1106 3755 1169 3820 ad·

83 3876 199 3936 vocas,
212 3871 245 3918 et
260 3853 462 3942 salsuginosa
477 3874 627 3916 sermone
643 3852 777 3936 invitas,
791 3877 892 3942 quem
911 3857 1001 3942 prius
1018 3862 1165 3931 oratione

84 3961 221 4049 potabili
243 3958 386 4041 diluere,
403 3973 436 4022 et
457 3957 585 4046 liquore
607 3955 727 4022 fluviali
751 3958 900 4024 edulcare
922 3960 1074 4030 debuisti.
1099 3971 1166 4036 Cur

86 4067 217 4131 tenellas
244 4066 402 4147 juvenum
431 4063 568 4151 (quibus
592 4062 736 4153 impero)
756 4087 873 4129 manus
901 4066 1038 4134 insuetis
1063 4075 1165 4140 tonsis
