<?xml version="1.0" encoding="UTF-8"?>
<!DOCTYPE html PUBLIC "-//W3C//DTD XHTML 1.0 Transitional//EN"
    "http://www.w3.org/TR/xhtml1/DTD/xhtml1-transitional.dtd">
<html xmlns="http://www.w3.org/1999/xhtml" xml:lang="en" lang="en">
 <head>
  <title>
</title>
<meta http-equiv="Content-Type" content="text/html;charset=utf-8" />
  <meta name='ocr-system' content='tesseract 3.04.00' />
  <meta name='ocr-capabilities' content='ocr_page ocr_carea ocr_par ocr_line ocrx_word'/>
</head>
<body>
  <div class='ocr_page' id='page_1' title='image "bibliothecaclas23lemagoog_0034.png"; bbox 0 0 2686 4830; ppageno 0'>
   <div class='ocr_carea' id='block_1_1' title="bbox 78 375 1148 399">
    <p class='ocr_par' dir='ltr' id='par_1_1' title="bbox 78 375 1148 399">
     <span class='ocr_line' id='line_1_1' title="bbox 78 375 1148 399; baseline 0.003 -3"><span class='ocrx_word' id='word_1_1' title='bbox 78 375 1148 399; x_wconf 56' lang='grc' dir='ltr'><strong>ΜΜΜΜΜΜΜΜΜΜΜΜΚἊΜΜΜΜΜΜΜΜΜ</strong></span> 
     </span>
    </p>
   </div>
   <div class='ocr_carea' id='block_1_2' title="bbox 262 624 963 740">
    <p class='ocr_par' dir='ltr' id='par_1_2' title="bbox 262 624 963 740">
     <span class='ocr_line' id='line_1_2' title="bbox 262 624 963 740; baseline -0.004 0"><span class='ocrx_word' id='word_1_2' title='bbox 262 637 490 740; x_wconf 88' lang='lat' dir='ltr'>PETRI</span> <span class='ocrx_word' id='word_1_3' title='bbox 531 624 930 739; x_wconf 80' lang='lat' dir='ltr'><strong>BARGETAN</strong></span> <span class='ocrx_word' id='word_1_4' title='bbox 941 637 963 737; x_wconf 96' lang='grc' dir='ltr'>Ι</span> 
     </span>
    </p>
   </div>
   <div class='ocr_carea' id='block_1_3' title="bbox 128 894 1101 945">
    <p class='ocr_par' dir='ltr' id='par_1_3' title="bbox 128 894 1101 945">
     <span class='ocr_line' id='line_1_3' title="bbox 128 894 1101 945; baseline -0.001 -2"><span class='ocrx_word' id='word_1_5' title='bbox 128 899 171 945; x_wconf 84' lang='lat' dir='ltr'><strong>IN</strong></span> <span class='ocrx_word' id='word_1_6' title='bbox 197 895 377 943; x_wconf 78' lang='lat' dir='ltr'><strong>HUIUSGE</strong></span> <span class='ocrx_word' id='word_1_7' title='bbox 404 895 551 943; x_wconf 80' lang='lat' dir='ltr'>OPERIS</span> <span class='ocrx_word' id='word_1_8' title='bbox 576 894 906 943; x_wconf 83' lang='lat' dir='ltr'>RECOGNITIONIS</span> <span class='ocrx_word' id='word_1_9' title='bbox 931 896 1101 942; x_wconf 78' lang='lat' dir='ltr'><strong>LAUDEM</strong></span> 
     </span>
    </p>
   </div>
   <div class='ocr_carea' id='block_1_4' title="bbox 454 1079 776 1179">
    <p class='ocr_par' dir='ltr' id='par_1_4' title="bbox 454 1079 776 1179">
     <span class='ocr_line' id='line_1_4' title="bbox 454 1079 776 1179; baseline 0.003 -37"><span class='ocrx_word' id='word_1_10' title='bbox 454 1079 776 1179; x_wconf 78' lang='lat' dir='ltr'><strong>urrcuAMMA.</strong></span> 
     </span>
    </p>
   </div>
   <div class='ocr_carea' id='block_1_5' title="bbox 358 1315 867 1352">
    <p class='ocr_par' dir='ltr' id='par_1_5' title="bbox 358 1315 867 1352">
     <span class='ocr_line' id='line_1_5' title="bbox 358 1315 867 1352; baseline 0.002 -2"><span class='ocrx_word' id='word_1_11' title='bbox 358 1315 867 1352; x_wconf 49' lang='grc' dir='ltr'>ψ</span> 
     </span>
    </p>
   </div>
   <div class='ocr_carea' id='block_1_6' title="bbox 218 1524 912 1686">
    <p class='ocr_par' dir='ltr' id='par_1_6' title="bbox 218 1524 912 1686">
     <span class='ocr_line' id='line_1_6' title="bbox 218 1524 912 1597; baseline 0.003 -19"><span class='ocrx_word' id='word_1_12' title='bbox 218 1524 343 1586; x_wconf 77' lang='lat' dir='ltr'><strong>Palladis,</strong></span> <span class='ocrx_word' id='word_1_13' title='bbox 354 1536 379 1577; x_wconf 87' lang='lat' dir='ltr'><strong>et</strong></span> <span class='ocrx_word' id='word_1_14' title='bbox 389 1543 492 1596; x_wconf 82' lang='lat' dir='ltr'><strong>magnae</strong></span> <span class='ocrx_word' id='word_1_15' title='bbox 502 1525 640 1597; x_wconf 84' lang='lat' dir='ltr'><strong>quondam</strong></span> <span class='ocrx_word' id='word_1_16' title='bbox 649 1526 665 1578; x_wconf 90' lang='lat' dir='ltr'>J</span> <span class='ocrx_word' id='word_1_17' title='bbox 667 1526 763 1579; x_wconf 85' lang='lat' dir='ltr'><strong>unonis</strong></span> <span class='ocrx_word' id='word_1_18' title='bbox 773 1526 895 1580; x_wconf 81' lang='lat' dir='ltr'><strong>alumnos</strong></span> <span class='ocrx_word' id='word_1_19' title='bbox 905 1567 912 1590; x_wconf 95' lang='lat'>,</span> 
     </span>
     <span class='ocr_line' id='line_1_7' title="bbox 255 1613 874 1686; baseline 0.005 -22"><span class='ocrx_word' id='word_1_20' title='bbox 255 1614 325 1666; x_wconf 81' lang='lat' dir='ltr'><strong>Ausa</strong></span> <span class='ocrx_word' id='word_1_21' title='bbox 334 1632 383 1685; x_wconf 90' lang='lat' dir='ltr'><strong>per</strong></span> <span class='ocrx_word' id='word_1_22' title='bbox 392 1613 552 1665; x_wconf 86' lang='lat' dir='ltr'><strong>immensum</strong></span> <span class='ocrx_word' id='word_1_23' title='bbox 563 1614 661 1666; x_wconf 87' lang='lat' dir='ltr'><strong>ducere</strong></span> <span class='ocrx_word' id='word_1_24' title='bbox 672 1615 759 1686; x_wconf 86' lang='lat' dir='ltr'><strong>prima</strong></span> <span class='ocrx_word' id='word_1_25' title='bbox 771 1615 874 1681; x_wconf 84' lang='lat' dir='ltr'><strong>salum,</strong></span> 
     </span>
    </p>
   </div>
   <div class='ocr_carea' id='block_1_7' title="bbox 217 1704 888 1859">
    <p class='ocr_par' dir='ltr' id='par_1_7' title="bbox 217 1704 888 1859">
     <span class='ocr_line' id='line_1_8' title="bbox 217 1704 853 1775; baseline 0 -19"><span class='ocrx_word' id='word_1_26' title='bbox 217 1705 383 1774; x_wconf 82' lang='lat' dir='ltr'><strong>Torpueram</strong></span> <span class='ocrx_word' id='word_1_27' title='bbox 392 1705 491 1756; x_wconf 87' lang='lat' dir='ltr'><strong>multos</strong></span> <span class='ocrx_word' id='word_1_28' title='bbox 500 1706 572 1775; x_wconf 83' lang='lat' dir='ltr'><strong>Argo</strong></span> <span class='ocrx_word' id='word_1_29' title='bbox 582 1704 683 1756; x_wconf 79' lang='lat' dir='ltr'><strong>cariosa</strong></span> <span class='ocrx_word' id='word_1_30' title='bbox 692 1723 741 1775; x_wconf 89' lang='lat' dir='ltr'><strong>per</strong></span> <span class='ocrx_word' id='word_1_31' title='bbox 751 1723 853 1769; x_wconf 81' lang='lat' dir='ltr'>annos,</span> 
     </span>
     <span class='ocr_line' id='line_1_9' title="bbox 253 1786 888 1859; baseline -0.003 -19"><span class='ocrx_word' id='word_1_32' title='bbox 253 1788 428 1858; x_wconf 82' lang='lat' dir='ltr'><strong>Contempta,</strong></span> <span class='ocrx_word' id='word_1_33' title='bbox 438 1786 493 1839; x_wconf 90' lang='lat' dir='ltr'><strong>heu</strong></span> <span class='ocrx_word' id='word_1_34' title='bbox 503 1787 509 1838; x_wconf 94' lang='lat'>!</span> <span class='ocrx_word' id='word_1_35' title='bbox 522 1788 622 1859; x_wconf 79' lang='lat' dir='ltr'><strong>passim</strong></span> <span class='ocrx_word' id='word_1_36' title='bbox 632 1788 752 1839; x_wconf 83' lang='lat' dir='ltr'><strong>muneris</strong></span> <span class='ocrx_word' id='word_1_37' title='bbox 761 1799 817 1840; x_wconf 83' lang='lat' dir='ltr'><strong>arte</strong></span> <span class='ocrx_word' id='word_1_38' title='bbox 827 1789 888 1839; x_wconf 90' lang='lat' dir='ltr'><strong>mei.</strong></span> 
     </span>
    </p>
   </div>
   <div class='ocr_carea' id='block_1_8' title="bbox 179 1873 927 2919">
    <p class='ocr_par' dir='ltr' id='par_1_8' title="bbox 217 1873 894 2035">
     <span class='ocr_line' id='line_1_10' title="bbox 217 1873 894 1946; baseline 0.004 -20"><span class='ocrx_word' id='word_1_39' title='bbox 217 1873 326 1927; x_wconf 76' lang='lat' dir='ltr'>Fontius</span> <span class='ocrx_word' id='word_1_40' title='bbox 337 1915 345 1942; x_wconf 89' lang='lat'>‚</span> <span class='ocrx_word' id='word_1_41' title='bbox 362 1887 388 1926; x_wconf 92' lang='lat' dir='ltr'><strong>et</strong></span> <span class='ocrx_word' id='word_1_42' title='bbox 396 1875 507 1946; x_wconf 82' lang='lat' dir='ltr'><strong>geminae</strong></span> <span class='ocrx_word' id='word_1_43' title='bbox 518 1873 677 1927; x_wconf 71' lang='lat' dir='ltr'><strong>Benedictus</strong></span> <span class='ocrx_word' id='word_1_44' title='bbox 689 1874 774 1946; x_wconf 81' lang='lat' dir='ltr'><strong>gloria</strong></span> <span class='ocrx_word' id='word_1_45' title='bbox 784 1875 894 1946; x_wconf 70' lang='lat' dir='ltr'><strong>lingue,</strong></span> 
     </span>
     <span class='ocr_line' id='line_1_11' title="bbox 255 1962 830 2035; baseline 0.002 -20"><span class='ocrx_word' id='word_1_46' title='bbox 255 1965 342 2015; x_wconf 83' lang='lat' dir='ltr'><strong>Verus</strong></span> <span class='ocrx_word' id='word_1_47' title='bbox 351 1962 492 2035; x_wconf 75' lang='lat' dir='ltr'><strong>Apollinea</strong></span> <span class='ocrx_word' id='word_1_48' title='bbox 505 1962 620 2015; x_wconf 82' lang='lat' dir='ltr'><strong>Phoebus</strong></span> <span class='ocrx_word' id='word_1_49' title='bbox 631 1974 743 2034; x_wconf 87' lang='lat' dir='ltr'><strong>uterque</strong></span> <span class='ocrx_word' id='word_1_50' title='bbox 755 1963 830 2035; x_wconf 84' lang='lat' dir='ltr'><strong>lyra,</strong></span> 
     </span>
    </p>

    <p class='ocr_par' dir='ltr' id='par_1_9' title="bbox 219 2050 794 2193">
     <span class='ocr_line' id='line_1_12' title="bbox 219 2050 736 2123; baseline 0.002 -20"><span class='ocrx_word' id='word_1_51' title='bbox 219 2051 308 2103; x_wconf 67' lang='lat' dir='ltr'><strong>efflati</strong></span> <span class='ocrx_word' id='word_1_52' title='bbox 317 2051 417 2123; x_wconf 81' lang='lat' dir='ltr'><strong>pariter</strong></span> <span class='ocrx_word' id='word_1_53' title='bbox 430 2050 521 2103; x_wconf 83' lang='lat' dir='ltr'><strong>divino</strong></span> <span class='ocrx_word' id='word_1_54' title='bbox 532 2050 648 2106; x_wconf 76' lang='lat' dir='ltr'><strong>Palladis</strong></span> <span class='ocrx_word' id='word_1_55' title='bbox 657 2051 736 2123; x_wconf 83' lang='lat' dir='ltr'><strong>igue,</strong></span> 
     </span>
     <span class='ocr_line' id='line_1_13' title="bbox 253 2140 794 2193; baseline 0.004 -3"><span class='ocrx_word' id='word_1_56' title='bbox 253 2140 286 2191; x_wconf 93' lang='lat' dir='ltr'><strong>In</strong></span> <span class='ocrx_word' id='word_1_57' title='bbox 294 2151 410 2192; x_wconf 76' lang='lat' dir='ltr'><strong>ueterem</strong></span> <span class='ocrx_word' id='word_1_58' title='bbox 422 2140 539 2192; x_wconf 80' lang='lat' dir='ltr'><strong>laceram</strong></span> <span class='ocrx_word' id='word_1_59' title='bbox 547 2140 685 2192; x_wconf 82' lang='lat' dir='ltr'><strong>restituere</strong></span> <span class='ocrx_word' id='word_1_60' title='bbox 694 2141 794 2193; x_wconf 87' lang='lat' dir='ltr'><strong>locum.</strong></span> 
     </span>
    </p>

    <p class='ocr_par' dir='ltr' id='par_1_10' title="bbox 218 2227 876 2302">
     <span class='ocr_line' id='line_1_14' title="bbox 218 2227 876 2302; baseline 0.005 -23"><span class='ocrx_word' id='word_1_61' title='bbox 218 2229 279 2293; x_wconf 90' lang='lat' dir='ltr'><strong>Quo</strong></span> <span class='ocrx_word' id='word_1_62' title='bbox 287 2227 388 2302; x_wconf 89' lang='lat' dir='ltr'><strong>Tiphy,</strong></span> <span class='ocrx_word' id='word_1_63' title='bbox 402 2228 474 2281; x_wconf 80' lang='lat' dir='ltr'><strong>malo</strong></span> <span class='ocrx_word' id='word_1_64' title='bbox 487 2240 514 2282; x_wconf 90' lang='lat' dir='ltr'><strong>et</strong></span> <span class='ocrx_word' id='word_1_65' title='bbox 527 2229 592 2282; x_wconf 85' lang='lat' dir='ltr'><strong>velis</strong></span> <span class='ocrx_word' id='word_1_66' title='bbox 602 2241 726 2300; x_wconf 80' lang='lat' dir='ltr'><strong>reparata</strong></span> <span class='ocrx_word' id='word_1_67' title='bbox 735 2229 876 2293; x_wconf 85' lang='lat' dir='ltr'><strong>secundis,</strong></span> 
     </span>
    </p>

    <p class='ocr_par' dir='ltr' id='par_1_11' title="bbox 179 2316 779 2389">
     <span class='ocr_line' id='line_1_15' title="bbox 179 2316 779 2389; baseline 0.003 -21"><span class='ocrx_word' id='word_1_68' title='bbox 179 2377 180 2380; x_wconf 8' lang='grc' dir='ltr'><strong>Ἴ</strong></span> <span class='ocrx_word' id='word_1_69' title='bbox 253 2319 363 2369; x_wconf 79' lang='lat' dir='ltr'><strong>AEterna</strong></span> <span class='ocrx_word' id='word_1_70' title='bbox 374 2318 463 2371; x_wconf 82' lang='lat' dir='ltr'><strong>vivam</strong></span> <span class='ocrx_word' id='word_1_71' title='bbox 472 2316 551 2370; x_wconf 81' lang='lat' dir='ltr'><strong>laude</strong></span> <span class='ocrx_word' id='word_1_72' title='bbox 559 2336 608 2389; x_wconf 89' lang='lat' dir='ltr'><strong>per</strong></span> <span class='ocrx_word' id='word_1_73' title='bbox 617 2336 665 2370; x_wconf 86' lang='lat' dir='ltr'><strong>ora</strong></span> <span class='ocrx_word' id='word_1_74' title='bbox 675 2317 779 2370; x_wconf 87' lang='lat' dir='ltr'><strong>virum:</strong></span> 
     </span>
    </p>

    <p class='ocr_par' dir='ltr' id='par_1_12' title="bbox 217 2404 893 2566">
     <span class='ocr_line' id='line_1_16' title="bbox 217 2404 893 2478; baseline 0.003 -22"><span class='ocrx_word' id='word_1_75' title='bbox 217 2404 251 2456; x_wconf 86' lang='lat' dir='ltr'><strong>Et</strong></span> <span class='ocrx_word' id='word_1_76' title='bbox 260 2405 307 2475; x_wconf 88' lang='lat' dir='ltr'><strong>qui</strong></span> <span class='ocrx_word' id='word_1_77' title='bbox 317 2404 477 2458; x_wconf 80' lang='lat' dir='ltr'><strong>flammifero</strong></span> <span class='ocrx_word' id='word_1_78' title='bbox 488 2405 557 2459; x_wconf 86' lang='lat' dir='ltr'><strong>duce</strong></span> <span class='ocrx_word' id='word_1_79' title='bbox 568 2424 611 2458; x_wconf 90' lang='lat' dir='ltr'><strong>me</strong></span> <span class='ocrx_word' id='word_1_80' title='bbox 624 2405 747 2459; x_wconf 81' lang='lat' dir='ltr'><strong>succedet</strong></span> <span class='ocrx_word' id='word_1_81' title='bbox 756 2405 893 2478; x_wconf 87' lang='lat' dir='ltr'><strong>Olympo,</strong></span> 
     </span>
     <span class='ocr_line' id='line_1_17' title="bbox 254 2493 750 2566; baseline 0.006 -22"><span class='ocrx_word' id='word_1_82' title='bbox 254 2493 381 2546; x_wconf 74' lang='lat' dir='ltr'>Castalios</span> <span class='ocrx_word' id='word_1_83' title='bbox 392 2495 490 2566; x_wconf 85' lang='lat' dir='ltr'><strong>releget</strong></span> <span class='ocrx_word' id='word_1_84' title='bbox 502 2494 550 2566; x_wconf 89' lang='lat' dir='ltr'><strong>qui</strong></span> <span class='ocrx_word' id='word_1_85' title='bbox 561 2495 664 2566; x_wconf 86' lang='lat' dir='ltr'><strong>periere</strong></span> <span class='ocrx_word' id='word_1_86' title='bbox 673 2495 750 2548; x_wconf 76' lang='lat' dir='ltr'><strong>salec.</strong></span> 
     </span>
    </p>

    <p class='ocr_par' dir='ltr' id='par_1_13' title="bbox 219 2581 927 2740">
     <span class='ocr_line' id='line_1_18' title="bbox 219 2581 927 2655; baseline 0.004 -23"><span class='ocrx_word' id='word_1_87' title='bbox 219 2581 329 2635; x_wconf 79' lang='lat' dir='ltr'><strong>Fontius</strong></span> <span class='ocrx_word' id='word_1_88' title='bbox 342 2582 370 2634; x_wconf 91' lang='lat' dir='ltr'><strong>in</strong></span> <span class='ocrx_word' id='word_1_89' title='bbox 378 2583 512 2655; x_wconf 81' lang='lat' dir='ltr'><strong>Tiphym,</strong></span> <span class='ocrx_word' id='word_1_90' title='bbox 528 2583 634 2655; x_wconf 77' lang='lat' dir='ltr'><strong>specula</strong></span> <span class='ocrx_word' id='word_1_91' title='bbox 644 2583 803 2637; x_wconf 84' lang='lat' dir='ltr'><strong>Benedictus</strong></span> <span class='ocrx_word' id='word_1_92' title='bbox 817 2585 852 2635; x_wconf 82' lang='lat' dir='ltr'><strong>ab</strong></span> <span class='ocrx_word' id='word_1_93' title='bbox 862 2585 927 2642; x_wconf 74' lang='lat' dir='ltr'><strong>alta,</strong></span> 
     </span>
     <span class='ocr_line' id='line_1_19' title="bbox 254 2667 820 2740; baseline 0.009 -22"><span class='ocrx_word' id='word_1_94' title='bbox 254 2667 378 2740; x_wconf 87' lang='lat' dir='ltr'><strong>Perpetui</strong></span> <span class='ocrx_word' id='word_1_95' title='bbox 389 2669 455 2722; x_wconf 82' lang='lat' dir='ltr'><strong>fient</strong></span> <span class='ocrx_word' id='word_1_96' title='bbox 464 2670 492 2721; x_wconf 89' lang='lat' dir='ltr'><strong>in</strong></span> <span class='ocrx_word' id='word_1_97' title='bbox 508 2682 554 2722; x_wconf 81' lang='lat' dir='ltr'><strong>tua</strong></span> <span class='ocrx_word' id='word_1_98' title='bbox 567 2681 632 2723; x_wconf 85' lang='lat' dir='ltr'><strong>vota</strong></span> <span class='ocrx_word' id='word_1_99' title='bbox 644 2669 735 2723; x_wconf 90' lang='lat' dir='ltr'><strong>duces.</strong></span> <span class='ocrx_word' id='word_1_100' title='bbox 817 2723 820 2729; x_wconf 81' lang='grc'><strong>,</strong></span> 
     </span>
    </p>

    <p class='ocr_par' dir='ltr' id='par_1_14' title="bbox 220 2757 816 2919">
     <span class='ocr_line' id='line_1_20' title="bbox 220 2757 816 2832; baseline 0.007 -24"><span class='ocrx_word' id='word_1_101' title='bbox 220 2757 290 2808; x_wconf 83' lang='lat' dir='ltr'><strong>Cura</strong></span> <span class='ocrx_word' id='word_1_102' title='bbox 300 2758 448 2811; x_wconf 84' lang='lat' dir='ltr'><strong>Michelotti</strong></span> <span class='ocrx_word' id='word_1_103' title='bbox 459 2758 494 2810; x_wconf 88' lang='lat' dir='ltr'><strong>de</strong></span> <span class='ocrx_word' id='word_1_104' title='bbox 503 2779 546 2812; x_wconf 87' lang='lat' dir='ltr'><strong>me</strong></span> <span class='ocrx_word' id='word_1_105' title='bbox 555 2771 674 2832; x_wconf 79' lang='lat' dir='ltr'><strong>susceptu</strong></span> <span class='ocrx_word' id='word_1_106' title='bbox 687 2761 816 2831; x_wconf 83' lang='lat' dir='ltr'><strong>parentis,</strong></span> 
     </span>
     <span class='ocr_line' id='line_1_21' title="bbox 254 2844 782 2919; baseline 0.008 -25"><span class='ocrx_word' id='word_1_107' title='bbox 254 2844 390 2898; x_wconf 82' lang='lat' dir='ltr'><strong>Praestabit</strong></span> <span class='ocrx_word' id='word_1_108' title='bbox 401 2845 481 2898; x_wconf 86' lang='lat' dir='ltr'><strong>docto</strong></span> <span class='ocrx_word' id='word_1_109' title='bbox 490 2857 599 2916; x_wconf 88' lang='lat' dir='ltr'><strong>pectore</strong></span> <span class='ocrx_word' id='word_1_110' title='bbox 608 2845 782 2919; x_wconf 78' lang='lat' dir='ltr'><strong>Tyndaridas.</strong></span> 
     </span>
    </p>
   </div>
   <div class='ocr_carea' id='block_1_9' title="bbox 0 0 1352 4830">
    <p class='ocr_par' dir='ltr' id='par_1_15' title="bbox 0 0 1352 4830">
     <span class='ocr_line' id='line_1_22' title="bbox 0 0 1352 4830; baseline 0 0"><span class='ocrx_word' id='word_1_111' title='bbox 0 0 1352 4830; x_wconf 95' lang='lat' dir='ltr'><strong> </strong></span> 
     </span>
    </p>
   </div>
  </div>
 </body>
</html>
