2686 4830
84 368 644 413 mmmmmmmmmmbu
645 379 1047 401 mmmmmmmmmmm
1047 380 1139 401 vm

417 516 810 703 Pnnrarto

287 817 617 900 EDlTlONlS
636 910 638 915 .
659 818 954 898 JUNTINAE.

525 1021 713 1046 ...000-

188 1152 437 1227 nssnssntcrus
467 1178 730 1226 PHILOLOGUS
758 1178 1045 1227 rnonnnrtnus

278 1336 549 1407 nanniano
578 1308 942 1404 urcunnorrro

430 1490 567 1540 moneo
588 1504 748 1538 mnnrnrmo
767 1500 805 1536 a·

367 1665 875 1704 --aeeoo—-m

72 1808 266 1909 Mannum
281 1841 381 1908 fuisse
397 1842 545 1907 studium
564 1842 706 1906 scientiae
721 1840 927 1928 acquirendae
947 1840 1146 1924 majoribus,

71 1951 182 2014 nullus
213 1951 342 2038 estqui
367 1948 500 2014 nesciat.
527 1948 726 2037 Pythagoras
756 1947 885 2012 Samius
909 1947 1090 2038 AEgyptum
1115 1964 1148 2012 et

69 2055 243 2120 Persarum
268 2056 382 2145 Magos
407 2055 507 2139 adiit,
535 2071 574 2118 ut
604 2055 769 2121 stellarum
798 2076 913 2119 cursus
943 2070 977 2119 et
1001 2053 1146 2120 siderum

70 2178 181 2226 motus
207 2176 428 2250 cognosceret.
452 2160 535 2226 Inde
556 2183 723 2251 egressus,
740 2161 776 2224 in
793 2162 923 2225 Cretam
938 2183 977 2225 ae
997 2161 1146 2248 Spartam

69 2269 262 2358 enavigans,
281 2291 397 2351 eorum
419 2269 505 2358 leges
531 2284 565 2332 et
589 2290 697 2333 mores
719 2268 883 2357 inspexit:
903 2262 1038 2343 demum
1056 2268 1091 2330 in
1110 2290 1148 2332 ea

68 2373 169 2438 Italiae
192 2392 303 2463 parte,
326 2399 399 2465 quae
420 2376 538 2464 Magna
559 2375 685 2469 Graecia
705 2373 885 2456 dicebatur,
902 2372 1073 2454 consedit,
1087 2372 1148 2437 uhi
1180 2410 1185 2416 ·

67 2479 111 2544 ad
128 2497 311 2547 extremum
327 2481 401 2546 vitae
423 2497 683 2546 consummatam
701 2480 942 2570 philosophiam
965 2480 1147 2544 illustravit.

67 2586 282 2674 Apollonius,
299 2584 366 2651 sive
379 2588 433 2652 ille
448 2589 606 2677 Magnus,
631 2588 698 2652 sive
715 2587 958 2675 Philosophus,
982 2584 1147 2668 discendi,

67 2691 261 2781 visendique
277 2693 386 2758 studio
402 2717 575 2778 accensus,
586 2694 833 2786 opulentissima
844 2693 946 2758 Indiae
958 2716 1059 2790 regna
1072 2716 1147 2783 per·

67 2795 210 2883 agravit,
225 2811 263 2859 ut
276 2795 423 2861 Iarcham
439 2796 474 2859 in
497 2819 596 2862 aureo
619 2797 741 2862 throno
756 2796 942 2878 sedentem,
955 2794 997 2872 de
1013 2811 1147 2870 natura,

67 2923 230 2964 accursu
254 2900 398 2966 siderum
422 2902 549 2967 audiret
573 2903 758 2969 docentem.
782 2903 928 2967 Transeo
958 2901 1146 2984 Platonem,

65 3008 294 3089 Aristotelem,
311 3010 551 3098 Anaxagoram,
564 3011 809 3091 Democritum,
829 3009 975 3095 aliosque
992 3006 1146 3071 innume·

65 3114 183 3178 rabiles
195 3113 435 3203 Philosophos,
450 3116 508 3205 qui
520 3116 663 3180 scientiae
674 3114 786 3203 cupidi
797 3131 905 3178 totum
916 3113 1031 3179 orbem
1045 3136 1145 3201 quam

66 3219 291 3286 ardentissime
316 3223 567 3310 perlustrarunt.
592 3222 683 3285 Inter
703 3244 786 3309 quos
805 3220 884 3303 tibi,
902 3219 1066 3285 Bernarde
1088 3220 1148 3285 Mi-

65 3325 220 3409 chelotti,
238 3328 372 3393 Caesarei
382 3328 465 3409 juris
482 3344 515 3393 et
529 3326 692 3393 Pontificii
709 3328 969 3411 consultissimo,
986 3344 1020 3392 et
1040 3351 1145 3417 grece

64 3449 99 3497 et
114 3433 216 3497 latine
231 3434 379 3521 impense
403 3433 549 3516 erudito,
575 3450 639 3499 tuae
660 3450 758 3497 erunt
781 3434 913 3523 praemia
930 3433 1048 3499 laudis.
1074 3435 1144 3497 Nec
1211 3454 1213 3458 ’

63 3538 222 3628 indulgeo
241 3541 344 3604 amori
366 3540 400 3604 in
422 3556 454 3605 te
470 3564 565 3623 meo,
583 3565 645 3606 nec
664 3557 722 3605 tuo
736 3541 860 3622 judicio
883 3540 1050 3606 blandior:
1067 3555 1145 3605 notn

63 3645 193 3710 cunctis
210 3661 243 3709 et
259 3661 373 3710 testata
393 3648 519 3734 loquar.
536 3648 670 3712 Sextum
687 3647 728 3710 ab
749 3647 827 3712 hinc
844 3670 988 3730 annum,
1003 3645 1142 3719 nobilis·

63 3750 163 3814 simas
188 3752 328 3839 Europae
355 3769 451 3840 atque
474 3753 555 3817 Asiae
579 3753 699 3834 urbes,
723 3753 895 3841 omnisque
914 3753 1019 3818 nostri
1048 3752 1144 3817 maris

63 3841 204 3938 insulas,
229 3858 481 3946 peninsulasque
498 3857 607 3923 studio
627 3858 789 3923 indefesso
810 3860 1002 3947 penetrasti,
1027 3874 1066 3922 ut
1081 3861 1142 3923 At-

63 3961 162 4024 ticam
189 3963 427 4050 eloquentiam,
443 3980 477 4028 et
495 3987 608 4029 omnes
625 3988 715 4054 3pene
740 3965 929 4029 Graecorum
956 3965 1076 4048 libros,
1108 3964 1141 4026 in

63 4067 186 4161 quibus
204 4069 344 4134 eruditio
363 4072 468 4158 ampla
489 4088 521 4136 et
544 4072 711 4138 recondita
726 4071 968 4150 contineretur,
981 4074 1008 4134 ‘a
1025 4070 1143 4163 harba-=
